3525 5417
251 277 294 340 40
846 266 884 334 11,
906 269 1009 323 12-18

251 455 292 516 ita
319 451 487 524 transtulit,
518 459 551 512 ut
571 450 782 531 τετρακοσίας
804 449 967 522 emitteret,
998 460 1148 532 praeterea
1170 449 1350 532 myriadibus
1372 461 1494 513 sentens
1517 452 1602 526 mdia,

251 557 372 621 milibus
399 557 473 617 dena
500 553 580 616 milia
608 553 815 629 substitueret,
847 554 1003 615 Armenius
1031 563 1133 616 senua
1160 554 1205 615 vel
1226 554 1334 616 codicis
1357 555 1394 616 ab
1415 574 1450 616 οο
1472 555 1603 636 usurpati

252 659 409 722 Eusebiaui
424 657 560 720 librarius
582 676 635 736 pre
657 659 816 738 nonaginta
839 657 1018 738 myriadibus
1040 666 1071 719 et
1092 667 1204 740 septem
1230 657 1346 719 milibus
1370 658 1450 721 dedit
1470 677 1604 739 perverse

251 763 395 844 myriades
425 783 480 824 xm
501 770 612 823 mmmm
633 770 660 822 et
682 783 749 823 nun
769 761 933 841 similisque
961 780 1043 824 error
1069 761 1268 824 Eusebianum
1298 761 1426 824 aedieem
1455 762 1606 844 occuparit

254 867 417 929 adhibitum
440 886 457 929 a
478 865 629 928 communi
651 872 769 927 austere
792 865 900 928 Suidae
922 873 953 928 et
974 865 1109 946 Syuuelli.

316 1171 380 1212 uir.
397 1150 426 1226 2,
443 1170 469 1212 m
498 1153 503 1227 Ι
526 1149 653 1228 Legibus
684 1150 775 1228 neuls
804 1149 871 1210 lati's
897 1149 1045 1229 complura
1075 1151 1215 1230 elxempla
1243 1151 1386 1213 maiorum
1416 1151 1607 1213 exolescentis

442 1275 468 1316 rs
498 1255 583 1330 liam
611 1274 647 1316 ex
674 1256 786 1332 uest[re
811 1273 868 1316 usn
889 1256 996 1316 redum
1014 1264 1041 1314 et
1063 1256 1129 1335 ipse]
1152 1256 1311 1318 multisunt
1335 1256 1607 1335 rd1·[umeme]mpla

443 1376 468 1418 ιι
495 1357 646 1439 imiltauda
668 1359 800 1437 psalteria
822 1358 948 1434 tradidit.

317 1484 363 1524 uu.
380 1466 409 1539 5,
426 1484 465 1526 οι
492 1460 688 1539 Eiaeyayein
717 1458 859 1541 retineris
886 1456 1006 1542 νόμους
1032 1458 1141 1523 πολλὰ
1167 1458 1229 1545 ἤδη
1255 1461 1321 1525 τῶν
1348 1457 1497 1544 ἀρχαίων
1518 1462 1609 1527 ἐθῶν

424 1587 464 1628 aa
494 1561 729 1646 καΙταλοόμενα
757 1561 1007 1647 διωρθωσάμην
1028 1564 1085 1626 καὶ
1107 1561 1206 1639 αὐτὸς
1229 1564 1362 1629 πολλῶν
1381 1567 1386 1648 Ι
1406 1565 1609 1650 πραγμάτων

451 1691 464 1732 ι
496 1673 645 1752 metuque
668 1666 809 1750 ἐμαυτὸν
830 1676 901 1741 aete
922 1667 1108 1750 aninsulae
1130 1668 1341 1752 aediderunt

254 1802 339 1863 lluue
360 1821 478 1882 quaque
499 1803 595 1863 lesum
613 1821 630 1862 a
645 1799 792 1880 prioribus
813 1819 873 1861 uon
896 1800 967 1862 satis
988 1810 1174 1884 perspectum
1198 1801 1326 1882 primum
1354 1802 1489 1883 patefecit
1514 1804 1610 1864 versio
1659 1788 1661 1790 ¹

254 1906 372 1979 Graeca,
395 1924 573 1985 quamquam
597 1907 742 1984 interpres
763 1905 835 1966 haee
856 1924 915 1965 uon
940 1906 1035 1966 salum
1058 1904 1178 1968 liberius
1200 1906 1326 1967 reddidit
1346 1925 1435 1985 quam
1451 1907 1536 1980 salet,
1560 1909 1609 1969 sed

255 2010 343 2071 etiam
365 2008 539 2070 vocabulum
562 2012 620 2070 iam
641 2009 717 2069 male
739 2028 799 2070 nou
820 2010 856 2070 ad
879 2010 1066 2073 exolescentis
1088 2009 1183 2076 traxit,
1207 2011 1257 2071 sed
1280 2010 1316 2070 ad
1338 2013 1523 2072 enuntiatum
1543 2013 1610 2073 uni-

255 2132 382 2175 versum.
425 2112 460 2173 ln
482 2111 593 2175 Latinis
620 2131 688 2174 eum
718 2132 745 2173 v.
769 2112 807 2172 12
837 2113 978 2193 perierint
1004 2114 1148 2174 elementa
1171 2132 1216 2186 xv,
1240 2133 1265 2173 v.
1284 2113 1322 2174 13
1347 2113 1376 2174 in
1404 2113 1485 2175 biatu
1512 2115 1612 2194 priore

255 2238 311 2290 rvr,
334 2216 538 2298 supplementa
559 2217 595 2277 ad
618 2217 673 2276 bes
694 2234 835 2277 numeres
857 2217 996 2290 fermavi,
1026 2237 1094 2278 eum
1117 2225 1200 2278 antea
1223 2217 1369 2279 dedissem
1392 2219 1500 2280 redunt
1518 2220 1613 2280 multa

255 2322 360 2400 (muba
380 2324 515 2383 reveeeui
527 2319 681 2399 Bergkius)
695 2322 828 2400 exempla
841 2340 879 2381 m.
896 2339 941 2380 em.
958 2324 1016 2381 iam
1031 2338 1068 2381 em
1082 2333 1182 2384 nestra
1197 2326 1313 2382 m'vitate.
1347 2321 1457 2383 Deinde
1472 2340 1542 2382 eum
1559 2342 1613 2400 ege

256 2425 468 2506 supplevissem
491 2427 597 2504 etipse
621 2427 761 2504 preposui
854 2426 984 2504 pesteris,
1009 2424 1149 2504 Berglrius
1172 2437 1198 2486 et
1218 2429 1275 2505 ipse
1299 2426 1332 2486 de
1354 2445 1398 2486 me
1489 2430 1612 2504 pesteris

256 2528 372 2602 tradidi,
395 2527 452 2588 iam
475 2527 532 2588 hee
553 2526 650 2606 recepi
666 2527 781 2588 Graecis
804 2528 896 2606 magis
917 2530 1180 2602 accommodatum,
1203 2547 1361 2608 suppressa
1384 2536 1480 2588 tamen
1497 2527 1612 2588 additu-

257 2640 357 2693 mento
386 2629 539 2692 arbitrario
567 2632 601 2692 de
621 2649 675 2692 me.
718 2630 752 2690 lu
774 2631 832 2692 tine
853 2652 880 2691 u.
900 2631 937 2692 14
961 2631 1100 2694 deliciunt
1121 2632 1264 2693 elementa
1287 2651 1347 2693 neu
1368 2632 1434 2712 plus
1458 2650 1523 2705 uvu,
1548 2635 1613 2692 ter-

257 2745 334 2798 tasse
356 2734 465 2796 miuus.

356 2838 507 2917 Augustus
535 2839 565 2899 iu
588 2836 758 2917 republica
781 2837 963 2900 restituenda
985 2846 1052 2898 ante
1075 2839 1172 2900 emnia
1194 2840 1251 2901 hee
1273 2839 1334 2900 sive
1355 2847 1474 2901 secutus
1489 2848 1536 2900 est
1552 2841 1613 2900 sire

257 2951 337 3006 eerte
359 2961 428 3023 prae
451 2961 482 3003 se
505 2940 574 3002 tulit
594 2950 766 3021 surruptum
790 2961 893 3003 aevum
917 2941 1114 3004 revocandum
1137 2963 1201 3005 esse
1216 2943 1252 3006 ad
1268 2943 1403 3024 antiques
1418 2961 1530 3016 merem
1556 2963 1613 3022 qua

258 3049 293 3110 de
320 3066 353 3108 re
375 3045 501 3108 sufficiet
523 3043 687 3106 laudavisse
708 3045 787 3107 loeus
811 3045 945 3107 Suetonii
968 3047 1042 3107 dues
1064 3065 1089 3106 ο.
1113 3045 1167 3106 34ε
1195 3045 1267 3124 leues
1288 3052 1454 3108 retractauit
1475 3058 1501 3108 et
1522 3067 1614 3126 quas-

259 3153 327 3213 dam
354 3169 391 3211 em
420 3153 531 3228 inteare
558 3152 668 3221 sarmit,
695 3158 728 3209 ut
753 3151 977 3229 sumptuariam,
1008 3152 1051 3227 [et]
1075 3149 1108 3210 de
1131 3149 1277 3210 adstiteris
1299 3159 1324 3210 et
1347 3152 1379 3211 de
1397 3152 1550 3231 medisina,
1582 3152 1615 3212 de

258 3256 381 3326 ambitu,
408 3254 443 3314 de
470 3252 641 3315 maritandis
670 3254 831 3327 erdinidm3
858 3253 930 3314 item
953 3273 978 3314 ο.
995 3253 1048 3313 89:
1077 3257 1108 3314 in
1134 3251 1295 3314 evolvendis
1325 3257 1469 3334 utriusque
1497 3254 1615 3335 linquae

259 3358 422 3421 auctoribus
448 3357 520 3418 nibil
547 3375 633 3437 aeque
654 3357 816 3419 sectabatur
838 3377 925 3438 qnam
944 3369 1096 3438 praesepta
1118 3369 1144 3418 et
1165 3356 1297 3436 emempla
1315 3357 1424 3437 publice
1446 3359 1491 3419 uel
1509 3363 1616 3438 priua·

260 3469 309 3528 tim
336 3461 467 3524 salabria
493 3480 580 3543 sumre
608 3461 646 3521 ad
672 3462 788 3523 verbnm
818 3472 953 3540 eamrpm
979 3471 1030 3522 mu
1059 3462 1097 3522 ad
1121 3462 1283 3522 demesticos
1305 3471 1354 3522 aut
1375 3460 1414 3522 ad
1435 3466 1616 3522 exercituum

256 3569 526 3648 provinciarumque
554 3576 675 3627 meteres
703 3576 755 3627 aret
780 3565 819 3627 ad
845 3567 924 3627 urbis
953 3569 1138 3644 menistratus
1160 3563 1331 3644 plerumque
1361 3566 1500 3638 mittebat,
1525 3579 1616 3642 prere

259 3675 360 3752 ariadne
385 3672 537 3730 monitione
563 3670 732 3748 induerent:
767 3673 853 3731 etiam
885 3669 970 3729 libres
1005 3677 1077 3729 tetes
1111 3677 1137 3728 et
1164 3670 1277 3728 serratni
1302 3671 1430 3729 recitauit
1458 3677 1484 3728 et
1507 3668 1616 3747 neptale

259 3785 341 3836 netes
358 3793 412 3853 per
433 3773 554 3834 edietum
576 3791 656 3851 saepe
677 3774 758 3853 sent,
787 3783 818 3832 ut
840 3777 982 3834 erutiones
1006 3772 1041 3844 Q.
1059 3769 1165 3832 Metelli
1186 3771 1219 3830 de
1239 3770 1320 3849 prole
1339 3771 1470 3849 armenia
1483 3772 1532 3850 (af.
1551 3771 1615 3833 Liv.

261 3879 330 3959 epit
346 3877 404 3951 593
427 3875 536 3937 Gellius
562 3877 589 3949 1,
613 3877 644 3952 6)
672 3886 698 3937 et
720 3875 824 3937 Rutilii
850 3878 883 3938 de
905 3877 986 3936 mede
1009 3875 1218 3954 aedificiorum,
1242 3893 1297 3954 qne
1319 3877 1409 3954 mayn
1427 3876 1617 3953 persuaderet

261 3994 414 4064 utramque
435 4000 498 4057 rem
520 3998 579 4042 nen
598 3981 635 4042 ab
649 3999 678 4041 se
689 3983 784 4060 prime
800 3980 1042 4050 animaduersam,
1064 3979 1112 4039 sed
1126 3982 1248 4058 antr'qm's
1262 3982 1319 4040 iem
1335 3989 1401 4041 tune
1416 3997 1502 4041 surae
1515 3981 1616 4058 sitisse.

809 4231 984 4308 OAPVT
1011 4231 1071 4308 lX

326 4419 390 4462 mr.
406 4399 435 4472 2,
452 4417 476 4460 ts
507 4399 511 4471 Ι
526 4397 607 4474 [Vota
619 4415 675 4476 pre
686 4397 848 4458 ualetudine
860 4415 924 4457 mea
938 4399 1044 4476 ssusa‘pi
1052 4414 1106 4475 per
1121 4393 1260 4472 eanslules
1275 4400 1305 4453 et
1320 4393 1484 4455 sacerdotes
1495 4397 1616 4484 qu[inte]

453 4522 479 4563 rs
507 4505 512 4579 Ι
537 4503 655 4583 maloque
685 4518 762 4561 anim
791 4510 906 4561 senatus
933 4501 1060 4561 decreuit.
1109 4500 1156 4561 En
1180 4501 1222 4575 iis]
1252 4499 1328 4558 vetis
1357 4499 1460 4578 slmipe
1482 4501 1619 4559 lecerunt

452 4627 477 4670 ιι
505 4605 570 4667 vire
600 4603 605 4687 Ι
634 4623 680 4667 me
713 4603 804 4682 [ludes
839 4603 1008 4684 aliquotiens
1040 4602 1229 4681 sacerdotnm
1263 4610 1403 4680 quattuor
1434 4599 1618 4681 amplissima

453 4728 480 4772 ιο
508 4705 656 4790 celle'lfflie,
680 4707 846 4789 mnnetiens
868 4705 1014 4784 eonsulesl.
