3525 5417
632 358 787 416 mvnvs
805 356 1028 416 TIBVRTINVS
1444 359 1502 422 171

149 544 290 605 viderunt
316 542 491 622 Rorgbesius
521 541 639 622 (opp.8
666 561 696 622 p.
718 541 793 618 500)
823 550 852 603 61
878 540 1033 604 llenzenus
1062 539 1138 620 (syll.
1160 557 1189 618 p.
1205 537 1290 615 496),
1319 555 1414 617 neque
1443 537 1506 617 ipse

151 647 309 727 Zumptius
330 665 391 708 nou
412 645 562 717 intellexit,
585 645 635 706 sed
658 664 726 707 cum
748 648 875 707 refutare
897 665 957 707 non
978 651 1086 724 posset,
1109 641 1204 704 616611.
1241 639 1315 702 Nam
1332 641 1506 703 Strabonem

151 749 219 829 (17,
242 747 271 823 3,
294 748 334 810 23
358 768 386 829 p.
410 747 485 827 838)
507 748 562 808 sibi
584 747 720 828 opitulari
742 757 835 828 putat,
857 751 908 828 qui
927 747 1115 810 Marmaridas
1137 745 1268 807 habitare
1289 743 1407 823 quidem
1431 745 1508 808 dicat

150 859 246 934 prope
272 854 417 934 Cyrenas,
445 853 495 914 sed
527 870 583 913 nec
615 853 787 932 Cyrenaicae
819 871 874 913 nec
900 851 1029 933 Aegypto
1063 849 1215 923 attribuat3
1249 849 1333 929 quasi
1353 857 1507 929 propterea

150 958 232 1038 quod
255 957 381 1038 populus
403 965 484 1018 extra
506 955 602 1017 solum
632 954 796 1035 provinciae
823 955 975 1016 cuiusdam
1005 954 1203 1016 conterminae
1230 953 1361 1016 babitare
1391 954 1506 1030 dicitur,

99 1104 106 1125 .
150 1061 246 1141 magis
268 1060 377 1122 bellum
400 1060 427 1121 ei
454 1059 561 1121 inferre
588 1058 718 1140 potuerit
743 1077 861 1139 praeses
887 1057 1052 1138 provinciae
1078 1077 1138 1119 non
1166 1058 1372 1119 conterminae.
1417 1057 1507 1137 Magis

150 1165 319 1244 speciosum
345 1173 390 1225 est
416 1163 621 1245 proconsulem
645 1161 817 1244 Cyrenaicae
840 1170 942 1242 616616
963 1160 1128 1242 provinciae
1151 1161 1312 1224 senatoriae
1335 1171 1364 1224 et
1384 1161 1507 1223 inermis

150 1267 263 1328 bellum
290 1284 389 1346 gerere
420 1285 481 1327 non
514 1266 660 1347 potuisse,
687 1284 755 1326 nam
778 1265 902 1327 alterum
929 1264 1043 1326 nullum
1077 1265 1242 1344 exemplum
1276 1271 1355 1326 extat
1379 1282 1507 1345 procon-

150 1369 227 1432 sulis
249 1367 405 1450 praetorii,
433 1369 482 1447 qui
509 1369 618 1430 bobum
641 1369 772 1449 gesserit
815 1368 853 1430 At
875 1367 1067 1430 nihilominus
1088 1386 1192 1429 rerum
1218 1375 1263 1430 est
1284 1367 1507 1448 proconsulibus

152 1472 293 1535 omnibus
316 1491 376 1534 non
399 1480 458 1534 tam
481 1471 528 1534 ius
551 1472 618 1533 belli
639 1472 759 1552 gerendi
787 1471 914 1534 defuisse
943 1491 1031 1552 quam
1059 1472 1241 1534 occasionem
1270 1469 1458 1551 (Stootsraclrt
1478 1469 1506 1544 2,

151 1575 247 1656 251),
275 1595 401 1655 cumque
426 1577 615 1656 proconsules
638 1577 805 1638 consulares
834 1575 948 1637 Africae
974 1575 1010 1637 ad
1038 1575 1142 1638 Caium
1170 1592 1264 1655 usqne
1286 1573 1348 1636 suis
1370 1571 1508 1654 auspiciis

150 1699 217 1743 rem
240 1679 385 1760 gesserint
407 1680 485 1757 (Tac.
501 1679 569 1741 bist.
586 1682 615 1755 4,
631 1679 695 1753 481,
718 1679 782 1760 1666
797 1679 860 1741 iure
879 1679 957 1741 idem
972 1679 1055 1740 licuit
1069 1677 1237 1759 proconsuli
1257 1677 1404 1758 praetorio
1419 1676 1508 1758 Cyre-

150 1785 263 1846 naicae.
307 1784 392 1857 Quod
415 1783 440 1844 si
461 1782 620 1846 necessitas
641 1802 741 1845 rerum
764 1783 841 1857 fecit,
869 1791 904 1844 61
925 1783 1033 1844 bellum
1056 1784 1086 1844 in
1108 1801 1141 1842 ea
1171 1781 1320 1862 provincia
1347 1781 1507 1861 gerendum

152 1896 243 1961 esset,
265 1907 324 1948 non
347 1896 409 1948 erat
431 1887 478 1948 cui
502 1888 690 1948 mandaretur
708 1895 823 1968 praeter
838 1886 901 1948 eius
916 1887 1136 1967 proconsulem3
1158 1887 1256 1965 itaque
1272 1904 1331 1946 non
1347 1884 1506 1946 admodum

152 1991 264 2052 mirum
287 1999 332 2052 est
354 1990 500 2070 quendam
523 2009 625 2052 eorum
648 2009 710 2052 rem
735 1992 867 2070 gessisse,
892 1993 1018 2052 maxime
1040 2008 1092 2071 per
1114 1991 1168 2051 bos
1190 2008 1284 2051 annos
1306 2007 1379 2050 nora
1402 1987 1507 2049 etiam-

152 2105 219 2157 tum
234 2093 350 2175 imperii
366 2094 549 2156 ordinatione
570 2112 624 2155 nec
645 2094 734 2156 rebus
756 2094 827 2156 satis
849 2093 995 2156 stabilitis.
1039 2093 1082 2155 Ne
1103 2093 1159 2155 boc
1185 2093 1303 2174 quidem
1332 2099 1447 2154 constat
1473 2110 1508 2153 66

152 2207 287 2279 tempore
315 2197 501 2278 Cyrenaicum
534 2198 680 2279 praesidio
714 2198 831 2260 militari
864 2196 1003 2259 caruisse.
1055 2196 1139 2258 Certe
1162 2197 1194 2258 L.
1218 2195 1354 2258 Pinarius
1381 2196 1508 2275 Scarpus

152 2303 268 2381 legatus
289 2301 410 2363 Antonii
431 2311 462 2364 et
482 2301 519 2362 ab
533 2321 567 2363 66
582 2301 752 2382 Cyrenaicae
766 2305 941 2383 praefectus,
962 2302 1012 2362 sed
1028 2300 1115 2362 etiam
1131 2299 1187 2361 sub
1202 2301 1343 2379 Augusto,
1359 2306 1509 2379 cumpost

152 2407 297 2487 proelium
314 2406 464 2468 Actiacum
484 2406 603 2467 adeum
620 2406 793 2480 transiisset,
816 2406 937 2467 eandem
953 2403 1132 2486 prouinciam
1147 2402 1356 2464 administrans
1370 2421 1394 2463 c.
1408 2421 1434 2463 a.
1447 2401 1508 2463 727

154 2509 316 2591 imperator
337 2508 368 2569 in
390 2508 522 2569 nummis
544 2508 713 2588 appellatur,
736 2519 770 2571 ut
785 2509 926 2572 exercitui
940 2527 1007 2570 eum
1024 2507 1184 2589 praefuisse
1200 2505 1325 2567 dubitari
1340 2523 1400 2566 non
1415 2505 1509 2586 666611

155 2615 205 2694 (61.
227 2612 350 2674 Orosius
365 2611 394 2685 6,
414 2611 461 2685 19,
479 2611 533 2686 15;
556 2610 609 2673 Dio
625 2613 674 2686 51,
691 2613 720 2674 5.
737 2614 770 2688 93
792 2612 968 2675 Plutarchus
984 2613 1090 2674 buton.
1107 2609 1163 2684 69;
1187 2608 1286 2670 Coben
1301 2608 1374 2690 bug.
1390 2627 1419 2669 n.
1439 2608 1507 2669 125.

155 2714 519 2789 497-5003Eekhe15,
542 2715 666 2790 2726,
690 2716 753 2797 82).
809 2717 866 2779 Sed
888 2715 1012 2778 faciam
1041 2733 1075 2775 eo
1103 2713 1139 2774 de
1166 2732 1225 2793 quo
1255 2712 1351 2792 agitur
1377 2719 1509 2792 tempore

153 2819 284 2899 legiones
305 2818 336 2879 in
358 2818 403 2878 his
425 2818 558 2899 partibus
580 2820 675 2880 nullas
698 2819 814 2883 stetisse
836 2820 892 2882 nisi
914 2820 945 2881 in
967 2817 1062 2881 Africa
1083 2817 1232 2899 provincia
1259 2825 1289 2878 et
1315 2815 1347 2876 in
1368 2815 1506 2896 Aegypto,

153 2923 226 3004 quid
241 2921 356 2984 vetabat
370 2921 446 2983 bello
461 2921 558 3002 aliquo
572 2921 603 2982 in
619 2922 774 3003 Cyrenaica
796 2932 897 2985 exorto
919 2922 1063 3002 legionem
1079 2941 1114 2982 ex
1129 2922 1258 3001 Aegypto
1275 2938 1308 2981 66
1324 2918 1412 2992 mitti,
1436 2937 1510 2998 quae

153 3025 323 3108 proconsuli
345 3022 484 3106 pareret?
527 3023 627 3105 ltaque
655 3025 790 3088 existimo
812 3025 979 3100 Quirinium
1008 3045 1043 3088 er
1069 3033 1204 3106 praetura
1230 3031 1298 3105 post
1323 3022 1509 3085 interuaMum

153 3129 360 3212 proconsulem
383 3131 493 3191 factum
517 3127 690 3209 Cretamque
711 3137 742 3189 et
763 3129 890 3210 Cyrenas
913 3129 1049 3191 sortitum
1072 3127 1260 3190 Marmaridas
1276 3135 1305 3189 et
1320 3128 1510 3189 Garamantes

152 3234 277 3306 vicisse3
298 3233 385 3313 idque
407 3232 484 3293 inter
505 3232 559 3293 alia
581 3231 611 3292 in
633 3241 732 3293 mente
753 3232 855 3294 babuit
873 3232 992 3295 Tacitus
1015 3232 1147 3294 scribens
1166 3230 1333 3304 Quirinium
1356 3233 1510 3311 1166166616

152 3338 271 3401 metilius
303 3348 330 3399 at
361 3337 475 3398 acribus
504 3339 668 3398 minr'sterr'r's
697 3337 881 3398 consulatum
905 3336 1064 3412 {meruisse
1112 3335 1152 3397 Ea
1187 3334 1340 3416 expeditio,
1375 3333 1400 3395 si
1432 3341 1510 3395 recte

153 3442 232 3503 infra
252 3439 362 3502 docebo
383 3459 431 3501 res
452 3439 483 3501 in
506 3438 591 3500 titulo
613 3449 714 3501 nostro
736 3449 868 3502 narratas
890 3439 1018 3520 incipere
1040 3439 1116 3501 aba.
1134 3439 1205 3513 752,
1228 3446 1380 3516 antaeum
1396 3454 1508 3499 annum

153 3548 231 3607 facta
252 3544 292 3606 sit
317 3563 437 3605 necesse
465 3550 525 3617 cst3
552 3543 716 3606 accuratius
744 3563 802 3624 quo
828 3552 961 3624 tempore
990 3542 1142 3615 Quirinius
1170 3541 1356 3623 Cyrenaicum
1384 3539 1511 3602 admini-

154 3650 269 3724 strarit,
299 3647 414 3710 definiri
440 3646 557 3726 nequit,
584 3665 680 3727 neque
708 3648 857 3710 adsentior
882 3647 1019 3709 Henneno
1050 3655 1170 3729 propter
1190 3645 1268 3708 Flori
1302 3646 1388 3707 verba
1422 3663 1510 3725 supra

154 3753 246 3815 relata
268 3752 469 3814 Marmaricam
485 3749 612 3823 Quirinii
632 3751 783 3812 victoriam
806 3751 996 3833 postponenti
1019 3750 1182 3813 Gaetulicae
1205 3749 1288 3811 Cossi
1318 3757 1416 3830 partae
1438 3767 1464 3810 6.
1481 3768 1510 3809 u.

154 3876 181 3918 c.
206 3857 283 3931 759;
305 3873 373 3916 nam
396 3855 452 3916 boc
479 3854 543 3915 loco
569 3852 675 3915 Florus
697 3855 732 3916 ad
762 3855 902 3937 temporis
929 3855 1063 3918 ordinem
1091 3872 1151 3916 non
1179 3851 1304 3915 attendit
1325 3871 1419 3932 neque
1450 3851 1511 3913 ullo

154 3968 242 4042 pacto
277 3958 439 4021 secundum
472 3976 515 4032 66,
549 3976 623 4036 quae
656 3958 691 4018 de
713 3958 847 4031 Quirinio
879 3969 1029 4040 praeterea
1055 3957 1236 4039 accepimus,
1270 3955 1511 4037 proconsulatum

154 4063 338 4144 praetorium
365 4060 603 4124 admininistrare
629 4060 726 4140 661611
751 4070 820 4142 6661
846 4081 872 4122 a.
889 4061 961 4124 759.
1013 4061 1098 4134 Quod
1128 4061 1152 4122 si
1180 4060 1246 4141 quis
1273 4058 1398 4122 coniciat
1423 4078 1511 4139 expe-

154 4166 297 4228 ditionem
321 4167 351 4228 in
368 4166 557 4227 Garamantes
579 4184 604 4226 6.
621 4164 683 4226 734
704 4166 860 4227 coniuncta
881 4183 968 4246 opera
988 4164 1153 4245 suscepisse
1168 4163 1289 4226 Balbum
1304 4163 1509 4245 proconsulem

154 4269 270 4332 Africae
293 4278 322 4331 et
343 4268 547 4350 proconsulem
565 4268 737 4349 Cyrenaicae
752 4268 929 4344 Quirinium,
953 4277 1119 4349 temporum
1142 4269 1269 4330 rationes
1285 4267 1312 4329 ei
1327 4265 1511 4329 coniecturae

153 4391 215 4436 non
247 4374 452 4452 adversantur3
480 4390 548 4433 nam
575 4371 725 4444 Quirinius
754 4381 858 4454 utpote
887 4372 975 4434 homo
1003 4391 1097 4435 novus
1126 4371 1220 4433 multo
1248 4379 1315 4432 ante
1343 4379 1511 4452 praeturam

155 4477 281 4558 gessisse
303 4485 401 4557 potest
421 4495 509 4556 quam
532 4477 568 4537 ad
589 4495 723 4538 summos
745 4477 872 4538 bonores
901 4475 1041 4558 pervenit
1086 4475 1144 4538 Sed
1170 4474 1234 4537 lieri
1261 4493 1380 4555 qnoque
1406 4483 1511 4555 potest,

153 4589 190 4642 ut
211 4589 335 4660 uterque
358 4579 467 4641 bellurn
490 4579 613 4659 gesserit
634 4588 767 4659 tempore
788 4579 912 4642 diuerso.

255 4683 304 4745 Ill.
337 4683 504 4756 Quirinium
533 4683 632 4764 Syriae
665 4683 826 4766 praefuisse
858 4704 884 4746 a.
914 4683 975 4746 759
1008 4693 1039 4746 61
1067 4682 1203 4764 deinceps
1233 4689 1349 4744 constat
1377 4700 1412 4743 er
1438 4682 1511 4745 16616

156 4787 274 4868 losepbi
296 4806 384 4868 supra
405 4787 515 4867 allatis3
542 4787 701 4850 uidendum
723 4797 837 4863 autem,
865 4806 938 4851 num
961 4787 1081 4850 alterius
1103 4806 1221 4867 quoque
1242 4785 1394 4867 legationis
1416 4785 1511 4866 aliqua
