<?xml version="1.0" encoding="UTF-8"?>
<!DOCTYPE html PUBLIC "-//W3C//DTD XHTML 1.0 Transitional//EN"
    "http://www.w3.org/TR/xhtml1/DTD/xhtml1-transitional.dtd">
<html xmlns="http://www.w3.org/1999/xhtml" xml:lang="en" lang="en">
 <head>
  <title>
</title>
<meta http-equiv="Content-Type" content="text/html;charset=utf-8" />
  <meta name='ocr-system' content='tesseract 3.04.00' />
  <meta name='ocr-capabilities' content='ocr_page ocr_carea ocr_par ocr_line ocrx_word'/>
</head>
<body>
  <div class='ocr_page' id='page_1' title='image "./resgestaediviau00mommgoog_0175.png"; bbox 0 0 3525 5417; ppageno 0'>
   <div class='ocr_carea' id='block_1_1' title="bbox 760 305 1518 373">
    <p class='ocr_par' dir='ltr' id='par_1_1' title="bbox 760 305 1518 373">
     <span class='ocr_line' id='line_1_1' title="bbox 760 305 1518 373; baseline 0.017 -14"><span class='ocrx_word' id='word_1_1' title='bbox 760 305 813 373; x_wconf 88' lang='lat' dir='ltr'>m,</span> <span class='ocrx_word' id='word_1_2' title='bbox 832 307 938 362; x_wconf 79' lang='lat' dir='ltr'>at-tt</span> <span class='ocrx_word' id='word_1_3' title='bbox 1480 311 1518 372; x_wconf 86' lang='lat' dir='ltr'>&#39;ll</span> 
     </span>
    </p>
   </div>
   <div class='ocr_carea' id='block_1_2' title="bbox 92 481 1604 2945">
    <p class='ocr_par' dir='ltr' id='par_1_2' title="bbox 92 481 1604 2945">
     <span class='ocr_line' id='line_1_2' title="bbox 92 481 1521 568; baseline 0.006 -28"><span class='ocrx_word' id='word_1_4' title='bbox 92 527 98 540; x_wconf 93' lang='lat'>.</span> <span class='ocrx_word' id='word_1_5' title='bbox 170 496 295 542; x_wconf 90' lang='lat' dir='ltr'>numero</span> <span class='ocrx_word' id='word_1_6' title='bbox 321 481 479 562; x_wconf 71' lang='lat' dir='ltr'>appellatae</span> <span class='ocrx_word' id='word_1_7' title='bbox 508 483 635 563; x_wconf 77' lang='lat' dir='ltr'>legiones</span> <span class='ocrx_word' id='word_1_8' title='bbox 665 504 725 547; x_wconf 93' lang='lat' dir='ltr'>non</span> <span class='ocrx_word' id='word_1_9' title='bbox 754 505 863 566; x_wconf 91' lang='lat' dir='ltr'>paucae</span> <span class='ocrx_word' id='word_1_10' title='bbox 892 486 1080 568; x_wconf 89' lang='lat' dir='ltr'>reperiuntur</span> <span class='ocrx_word' id='word_1_11' title='bbox 1108 487 1186 548; x_wconf 85' lang='lat' dir='ltr'>inter</span> <span class='ocrx_word' id='word_1_12' title='bbox 1215 485 1369 549; x_wconf 80' lang='lat' dir='ltr'><strong>duodecim</strong></span> <span class='ocrx_word' id='word_1_13' title='bbox 1399 485 1521 566; x_wconf 80' lang='lat' dir='ltr'>priores,</span> 
     </span>
     <span class='ocr_line' id='line_1_3' title="bbox 169 581 1520 670; baseline 0.007 -28"><span class='ocrx_word' id='word_1_14' title='bbox 169 581 267 644; x_wconf 87' lang='lat' dir='ltr'>nullae</span> <span class='ocrx_word' id='word_1_15' title='bbox 288 582 366 646; x_wconf 90' lang='lat' dir='ltr'>inter</span> <span class='ocrx_word' id='word_1_16' title='bbox 393 595 460 648; x_wconf 90' lang='lat' dir='ltr'>octe</span> <span class='ocrx_word' id='word_1_17' title='bbox 486 587 672 668; x_wconf 77' lang='lat' dir='ltr'>posteriores.</span> <span class='ocrx_word' id='word_1_18' title='bbox 721 589 802 662; x_wconf 82' lang='lat' dir='ltr'>Quae</span> <span class='ocrx_word' id='word_1_19' title='bbox 829 590 934 653; x_wconf 88' lang='lat' dir='ltr'>iudicia</span> <span class='ocrx_word' id='word_1_20' title='bbox 964 609 1031 652; x_wconf 93' lang='lat' dir='ltr'>cum</span> <span class='ocrx_word' id='word_1_21' title='bbox 1062 588 1132 652; x_wconf 84' lang='lat' dir='ltr'>sotis</span> <span class='ocrx_word' id='word_1_22' title='bbox 1162 589 1287 670; x_wconf 77' lang='lat' dir='ltr'>prodant</span> <span class='ocrx_word' id='word_1_23' title='bbox 1316 590 1421 651; x_wconf 92' lang='lat' dir='ltr'>harum</span> <span class='ocrx_word' id='word_1_24' title='bbox 1454 595 1520 651; x_wconf 93' lang='lat' dir='ltr'>octo</span> 
     </span>
     <span class='ocr_line' id='line_1_4' title="bbox 169 685 1520 775; baseline 0.004 -30"><span class='ocrx_word' id='word_1_25' title='bbox 169 685 318 766; x_wconf 86' lang='lat' dir='ltr'>legionum</span> <span class='ocrx_word' id='word_1_26' title='bbox 345 689 487 770; x_wconf 78' lang='lat' dir='ltr'>originem</span> <span class='ocrx_word' id='word_1_27' title='bbox 509 692 654 754; x_wconf 83' lang='lat' dir='ltr'>diversam</span> <span class='ocrx_word' id='word_1_28' title='bbox 677 711 741 755; x_wconf 89' lang='lat' dir='ltr'>esse</span> <span class='ocrx_word' id='word_1_29' title='bbox 769 702 800 755; x_wconf 90' lang='lat' dir='ltr'>ct</span> <span class='ocrx_word' id='word_1_30' title='bbox 820 693 1027 775; x_wconf 81' lang='lat' dir='ltr'>posteriorem,</span> <span class='ocrx_word' id='word_1_31' title='bbox 1058 693 1095 756; x_wconf 92' lang='lat' dir='ltr'>ad</span> <span class='ocrx_word' id='word_1_32' title='bbox 1116 712 1180 755; x_wconf 87' lang='lat' dir='ltr'>eam</span> <span class='ocrx_word' id='word_1_33' title='bbox 1203 693 1296 774; x_wconf 80' lang='lat' dir='ltr'>ipsam</span> <span class='ocrx_word' id='word_1_34' title='bbox 1320 692 1520 773; x_wconf 82' lang='lat' dir='ltr'>reperiendam</span> 
     </span>
     <span class='ocr_line' id='line_1_5' title="bbox 169 790 1520 878; baseline 0.004 -27"><span class='ocrx_word' id='word_1_35' title='bbox 169 790 284 853; x_wconf 88' lang='lat' dir='ltr'>ducunt</span> <span class='ocrx_word' id='word_1_36' title='bbox 304 793 477 873; x_wconf 81' lang='lat' dir='ltr'>provinciae,</span> <span class='ocrx_word' id='word_1_37' title='bbox 499 795 532 857; x_wconf 94' lang='lat' dir='ltr'>in</span> <span class='ocrx_word' id='word_1_38' title='bbox 552 796 660 878; x_wconf 90' lang='lat' dir='ltr'>quibus</span> <span class='ocrx_word' id='word_1_39' title='bbox 681 808 747 860; x_wconf 89' lang='lat' dir='ltr'>octo</span> <span class='ocrx_word' id='word_1_40' title='bbox 768 797 822 860; x_wconf 83' lang='lat' dir='ltr'>bae</span> <span class='ocrx_word' id='word_1_41' title='bbox 836 798 963 878; x_wconf 79' lang='lat' dir='ltr'>legiones</span> <span class='ocrx_word' id='word_1_42' title='bbox 978 799 1110 878; x_wconf 92' lang='lat' dir='ltr'>primum</span> <span class='ocrx_word' id='word_1_43' title='bbox 1125 798 1326 858; x_wconf 82' lang='lat' dir='ltr'>inveniuntur.</span> <span class='ocrx_word' id='word_1_44' title='bbox 1363 795 1435 856; x_wconf 91' lang='lat' dir='ltr'>Nam</span> <span class='ocrx_word' id='word_1_45' title='bbox 1452 813 1520 856; x_wconf 91' lang='lat' dir='ltr'>curn</span> 
     </span>
     <span class='ocr_line' id='line_1_6' title="bbox 167 894 1520 983; baseline 0.002 -28"><span class='ocrx_word' id='word_1_46' title='bbox 167 894 351 975; x_wconf 84' lang='lat' dir='ltr'>antiquiores</span> <span class='ocrx_word' id='word_1_47' title='bbox 378 898 410 958; x_wconf 90' lang='lat' dir='ltr'>in</span> <span class='ocrx_word' id='word_1_48' title='bbox 437 898 577 962; x_wconf 80' lang='lat' dir='ltr'>laterculo</span> <span class='ocrx_word' id='word_1_49' title='bbox 604 919 692 981; x_wconf 88' lang='lat' dir='ltr'>supra</span> <span class='ocrx_word' id='word_1_50' title='bbox 722 901 872 982; x_wconf 90' lang='lat' dir='ltr'>proposito</span> <span class='ocrx_word' id='word_1_51' title='bbox 898 912 1058 983; x_wconf 80' lang='lat' dir='ltr'>appareant</span> <span class='ocrx_word' id='word_1_52' title='bbox 1083 919 1137 981; x_wconf 90' lang='lat' dir='ltr'>per</span> <span class='ocrx_word' id='word_1_53' title='bbox 1167 899 1336 962; x_wconf 82' lang='lat' dir='ltr'>universnm</span> <span class='ocrx_word' id='word_1_54' title='bbox 1362 897 1520 978; x_wconf 88' lang='lat' dir='ltr'>imperium</span> 
     </span>
     <span class='ocr_line' id='line_1_7' title="bbox 167 998 1520 1085; baseline 0.003 -26"><span class='ocrx_word' id='word_1_55' title='bbox 167 998 251 1060; x_wconf 88' lang='lat' dir='ltr'>nullo</span> <span class='ocrx_word' id='word_1_56' title='bbox 266 999 368 1062; x_wconf 91' lang='lat' dir='ltr'>ordine</span> <span class='ocrx_word' id='word_1_57' title='bbox 382 1000 538 1082; x_wconf 81' lang='lat' dir='ltr'>dispersae,</span> <span class='ocrx_word' id='word_1_58' title='bbox 562 1021 598 1065; x_wconf 87' lang='lat' dir='ltr'>ex</span> <span class='ocrx_word' id='word_1_59' title='bbox 618 1014 718 1085; x_wconf 86' lang='lat' dir='ltr'>postea</span> <span class='ocrx_word' id='word_1_60' title='bbox 733 1003 852 1066; x_wconf 88' lang='lat' dir='ltr'>adiectis</span> <span class='ocrx_word' id='word_1_61' title='bbox 869 1013 928 1066; x_wconf 90' lang='lat' dir='ltr'>tres</span> <span class='ocrx_word' id='word_1_62' title='bbox 943 1023 995 1066; x_wconf 89' lang='lat' dir='ltr'>xrrr</span> <span class='ocrx_word' id='word_1_63' title='bbox 1009 1023 1057 1066; x_wconf 82' lang='grc' dir='ltr'>ιιι</span> <span class='ocrx_word' id='word_1_64' title='bbox 1071 1022 1119 1065; x_wconf 85' lang='grc' dir='ltr'>ιιι</span> <span class='ocrx_word' id='word_1_65' title='bbox 1133 1003 1227 1084; x_wconf 89' lang='lat' dir='ltr'>prima</span> <span class='ocrx_word' id='word_1_66' title='bbox 1242 1011 1336 1064; x_wconf 87' lang='lat' dir='ltr'>castra</span> <span class='ocrx_word' id='word_1_67' title='bbox 1351 1000 1436 1062; x_wconf 88' lang='lat' dir='ltr'>nobis</span> <span class='ocrx_word' id='word_1_68' title='bbox 1450 1009 1520 1063; x_wconf 90' lang='lat' dir='ltr'>nota</span> 
     </span>
     <span class='ocr_line' id='line_1_8' title="bbox 167 1101 1519 1189; baseline 0.001 -27"><span class='ocrx_word' id='word_1_69' title='bbox 167 1101 337 1165; x_wconf 86' lang='lat' dir='ltr'>babuerunt</span> <span class='ocrx_word' id='word_1_70' title='bbox 357 1103 387 1166; x_wconf 91' lang='lat' dir='ltr'>in</span> <span class='ocrx_word' id='word_1_71' title='bbox 402 1104 558 1168; x_wconf 82' lang='lat' dir='ltr'>Germania</span> <span class='ocrx_word' id='word_1_72' title='bbox 580 1107 740 1189; x_wconf 85' lang='lat' dir='ltr'>superiore,</span> <span class='ocrx_word' id='word_1_73' title='bbox 763 1117 823 1170; x_wconf 90' lang='lat' dir='ltr'>tres</span> <span class='ocrx_word' id='word_1_74' title='bbox 838 1127 896 1170; x_wconf 87' lang='lat' dir='ltr'>xrn</span> <span class='ocrx_word' id='word_1_75' title='bbox 911 1125 980 1169; x_wconf 84' lang='lat' dir='ltr'>xrrn</span> <span class='ocrx_word' id='word_1_76' title='bbox 995 1126 1043 1168; x_wconf 82' lang='lat' dir='ltr'>xxx</span> <span class='ocrx_word' id='word_1_77' title='bbox 1057 1107 1088 1168; x_wconf 94' lang='lat' dir='ltr'>in</span> <span class='ocrx_word' id='word_1_78' title='bbox 1104 1105 1249 1180; x_wconf 87' lang='lat' dir='ltr'>interiore,</span> <span class='ocrx_word' id='word_1_79' title='bbox 1272 1103 1390 1167; x_wconf 83' lang='lat' dir='ltr'>ducein</span> <span class='ocrx_word' id='word_1_80' title='bbox 1406 1103 1519 1184; x_wconf 83' lang='lat' dir='ltr'>illyrico</span> 
     </span>
     <span class='ocr_line' id='line_1_9' title="bbox 167 1207 1518 1293; baseline 0.001 -27"><span class='ocrx_word' id='word_1_81' title='bbox 167 1225 206 1266; x_wconf 82' lang='lat' dir='ltr'>xv</span> <span class='ocrx_word' id='word_1_82' title='bbox 227 1214 258 1268; x_wconf 91' lang='lat' dir='ltr'>et</span> <span class='ocrx_word' id='word_1_83' title='bbox 278 1226 325 1268; x_wconf 85' lang='lat' dir='ltr'>xx.</span> <span class='ocrx_word' id='word_1_84' title='bbox 368 1207 446 1271; x_wconf 86' lang='lat' dir='ltr'>llaec</span> <span class='ocrx_word' id='word_1_85' title='bbox 466 1209 518 1291; x_wconf 94' lang='lat' dir='ltr'>qui</span> <span class='ocrx_word' id='word_1_86' title='bbox 539 1210 705 1273; x_wconf 86' lang='lat' dir='ltr'>considerat</span> <span class='ocrx_word' id='word_1_87' title='bbox 726 1229 826 1274; x_wconf 86' lang='lat' dir='ltr'>rerum</span> <span class='ocrx_word' id='word_1_88' title='bbox 848 1231 902 1293; x_wconf 85' lang='lat' dir='ltr'>per</span> <span class='ocrx_word' id='word_1_89' title='bbox 923 1211 988 1273; x_wconf 92' lang='lat' dir='ltr'>illos</span> <span class='ocrx_word' id='word_1_90' title='bbox 1006 1229 1098 1272; x_wconf 87' lang='lat' dir='ltr'>annos</span> <span class='ocrx_word' id='word_1_91' title='bbox 1114 1217 1260 1290; x_wconf 89' lang='lat' dir='ltr'>gestarum</span> <span class='ocrx_word' id='word_1_92' title='bbox 1277 1227 1337 1270; x_wconf 94' lang='lat' dir='ltr'>non</span> <span class='ocrx_word' id='word_1_93' title='bbox 1352 1209 1518 1282; x_wconf 87' lang='lat' dir='ltr'>immemor,</span> 
     </span>
     <span class='ocr_line' id='line_1_10' title="bbox 167 1310 1520 1396; baseline 0.001 -26"><span class='ocrx_word' id='word_1_94' title='bbox 167 1327 233 1370; x_wconf 87' lang='lat' dir='ltr'>eam</span> <span class='ocrx_word' id='word_1_95' title='bbox 250 1310 431 1373; x_wconf 79' lang='lat' dir='ltr'>exercituum</span> <span class='ocrx_word' id='word_1_96' title='bbox 453 1312 676 1393; x_wconf 83' lang='lat' dir='ltr'>dispositionem</span> <span class='ocrx_word' id='word_1_97' title='bbox 699 1325 856 1396; x_wconf 81' lang='lat' dir='ltr'>componet</span> <span class='ocrx_word' id='word_1_98' title='bbox 878 1315 979 1394; x_wconf 88' lang='lat' dir='ltr'>ntique</span> <span class='ocrx_word' id='word_1_99' title='bbox 999 1333 1066 1375; x_wconf 91' lang='lat' dir='ltr'>cum</span> <span class='ocrx_word' id='word_1_100' title='bbox 1081 1312 1158 1375; x_wconf 90' lang='lat' dir='ltr'>bello</span> <span class='ocrx_word' id='word_1_101' title='bbox 1172 1313 1247 1374; x_wconf 91' lang='lat' dir='ltr'>duce</span> <span class='ocrx_word' id='word_1_102' title='bbox 1261 1311 1377 1374; x_wconf 80' lang='lat' dir='ltr'>&#39;liberio</span> <span class='ocrx_word' id='word_1_103' title='bbox 1393 1311 1428 1374; x_wconf 84' lang='lat' dir='ltr'>ab</span> <span class='ocrx_word' id='word_1_104' title='bbox 1443 1327 1520 1372; x_wconf 89' lang='lat' dir='ltr'>anno</span> 
     </span>
     <span class='ocr_line' id='line_1_11' title="bbox 167 1412 1519 1498; baseline 0.001 -24"><span class='ocrx_word' id='word_1_105' title='bbox 167 1414 296 1476; x_wconf 90' lang='lat' dir='ltr'>maxime</span> <span class='ocrx_word' id='word_1_106' title='bbox 319 1415 380 1476; x_wconf 83' lang='grc'>757</span> <span class='ocrx_word' id='word_1_107' title='bbox 407 1424 489 1495; x_wconf 88' lang='lat' dir='ltr'>gesto</span> <span class='ocrx_word' id='word_1_108' title='bbox 511 1417 640 1498; x_wconf 91' lang='lat' dir='ltr'>primum</span> <span class='ocrx_word' id='word_1_109' title='bbox 663 1427 765 1480; x_wconf 88' lang='lat' dir='ltr'>contra</span> <span class='ocrx_word' id='word_1_110' title='bbox 788 1419 949 1481; x_wconf 87' lang='lat' dir='ltr'>Germanos</span> <span class='ocrx_word' id='word_1_111' title='bbox 979 1435 1135 1497; x_wconf 83' lang='lat' dir='ltr'>regemque</span> <span class='ocrx_word' id='word_1_112' title='bbox 1163 1415 1383 1486; x_wconf 85' lang='lat' dir='ltr'>Maroboduum,</span> <span class='ocrx_word' id='word_1_113' title='bbox 1413 1412 1519 1476; x_wconf 89' lang='lat' dir='ltr'>deinde</span> 
     </span>
     <span class='ocr_line' id='line_1_12' title="bbox 165 1517 1604 1600; baseline 0.001 -23"><span class='ocrx_word' id='word_1_114' title='bbox 165 1527 269 1578; x_wconf 93' lang='lat' dir='ltr'>contra</span> <span class='ocrx_word' id='word_1_115' title='bbox 280 1517 661 1600; x_wconf 86' lang='lat' dir='ltr'>Pannoniosllalmatasque</span> <span class='ocrx_word' id='word_1_116' title='bbox 676 1520 857 1584; x_wconf 87' lang='lat' dir='ltr'>rebellantes.</span> <span class='ocrx_word' id='word_1_117' title='bbox 892 1521 986 1594; x_wconf 85' lang='lat' dir='ltr'>Quam</span> <span class='ocrx_word' id='word_1_118' title='bbox 1003 1521 1041 1583; x_wconf 93' lang='lat' dir='ltr'>ob</span> <span class='ocrx_word' id='word_1_119' title='bbox 1055 1539 1117 1582; x_wconf 91' lang='lat' dir='ltr'>rem</span> <span class='ocrx_word' id='word_1_120' title='bbox 1133 1519 1292 1590; x_wconf 90' lang='lat' dir='ltr'>videamus,</span> <span class='ocrx_word' id='word_1_121' title='bbox 1308 1517 1415 1598; x_wconf 90' lang='lat' dir='ltr'>quibus</span> <span class='ocrx_word' id='word_1_122' title='bbox 1427 1517 1518 1598; x_wconf 91' lang='lat' dir='ltr'>copiis</span> <span class='ocrx_word' id='word_1_123' title='bbox 1600 1576 1604 1584; x_wconf 87' lang='grc'>,</span> 
     </span>
     <span class='ocr_line' id='line_1_13' title="bbox 165 1619 1520 1704; baseline 0.001 -24"><span class='ocrx_word' id='word_1_124' title='bbox 165 1619 293 1682; x_wconf 83' lang='lat' dir='ltr'>Romani</span> <span class='ocrx_word' id='word_1_125' title='bbox 322 1620 368 1683; x_wconf 93' lang='lat' dir='ltr'>usi</span> <span class='ocrx_word' id='word_1_126' title='bbox 398 1624 459 1684; x_wconf 91' lang='lat' dir='ltr'>sint</span> <span class='ocrx_word' id='word_1_127' title='bbox 484 1641 536 1702; x_wconf 90' lang='lat' dir='ltr'>per</span> <span class='ocrx_word' id='word_1_128' title='bbox 562 1623 618 1684; x_wconf 93' lang='lat' dir='ltr'>hoc</span> <span class='ocrx_word' id='word_1_129' title='bbox 647 1623 770 1697; x_wconf 92' lang='lat' dir='ltr'>bellum,</span> <span class='ocrx_word' id='word_1_130' title='bbox 802 1625 880 1704; x_wconf 94' lang='lat' dir='ltr'>quod</span> <span class='ocrx_word' id='word_1_131' title='bbox 907 1629 1075 1687; x_wconf 83' lang='lat' dir='ltr'>immensum</span> <span class='ocrx_word' id='word_1_132' title='bbox 1102 1622 1226 1704; x_wconf 88' lang='lat' dir='ltr'>appellat</span> <span class='ocrx_word' id='word_1_133' title='bbox 1256 1622 1305 1701; x_wconf 94' lang='lat' dir='ltr'>qui</span> <span class='ocrx_word' id='word_1_134' title='bbox 1334 1621 1361 1683; x_wconf 92' lang='lat' dir='ltr'>ei</span> <span class='ocrx_word' id='word_1_135' title='bbox 1386 1620 1520 1682; x_wconf 90' lang='lat' dir='ltr'>interluit</span> 
     </span>
     <span class='ocr_line' id='line_1_14' title="bbox 166 1722 1519 1808; baseline 0.003 -26"><span class='ocrx_word' id='word_1_136' title='bbox 166 1722 293 1786; x_wconf 83' lang='lat' dir='ltr'>Velleius</span> <span class='ocrx_word' id='word_1_137' title='bbox 315 1724 359 1804; x_wconf 85' lang='lat'>(2,</span> <span class='ocrx_word' id='word_1_138' title='bbox 377 1726 460 1806; x_wconf 83' lang='lat' dir='ltr'>tet),</span> <span class='ocrx_word' id='word_1_139' title='bbox 483 1725 644 1788; x_wconf 91' lang='lat' dir='ltr'>Suetonius</span> <span class='ocrx_word' id='word_1_140' title='bbox 665 1735 764 1788; x_wconf 86' lang='lat' dir='ltr'>autern</span> <span class='ocrx_word' id='word_1_141' title='bbox 787 1729 870 1790; x_wconf 90' lang='lat' dir='ltr'>testis</span> <span class='ocrx_word' id='word_1_142' title='bbox 886 1728 1010 1808; x_wconf 82' lang='lat' dir='ltr'>simplex</span> <span class='ocrx_word' id='word_1_143' title='bbox 1025 1735 1055 1789; x_wconf 90' lang='lat' dir='ltr'>et</span> <span class='ocrx_word' id='word_1_144' title='bbox 1069 1726 1164 1805; x_wconf 77' lang='lat' dir='ltr'>grans</span> <span class='ocrx_word' id='word_1_145' title='bbox 1177 1729 1377 1806; x_wconf 70' lang='grc' dir='ltr'>μναυίιιὺαυυι</span> <span class='ocrx_word' id='word_1_146' title='bbox 1391 1729 1519 1788; x_wconf 76' lang='lat' dir='ltr'>munirem</span> 
     </span>
     <span class='ocr_line' id='line_1_15' title="bbox 165 1829 1519 1912; baseline 0 -22"><span class='ocrx_word' id='word_1_147' title='bbox 165 1839 354 1891; x_wconf 71' lang='lat' dir='ltr'>memorerm</span> <span class='ocrx_word' id='word_1_148' title='bbox 380 1829 519 1892; x_wconf 77' lang='lat' dir='ltr'>uturum</span> <span class='ocrx_word' id='word_1_149' title='bbox 537 1841 601 1910; x_wconf 87' lang='lat' dir='ltr'>post</span> <span class='ocrx_word' id='word_1_150' title='bbox 621 1829 730 1892; x_wconf 73' lang='lat' dir='ltr'>struice</span> <span class='ocrx_word' id='word_1_151' title='bbox 751 1831 828 1910; x_wconf 83' lang='lat' dir='ltr'>(Tib.</span> <span class='ocrx_word' id='word_1_152' title='bbox 846 1831 908 1912; x_wconf 89' lang='grc'>16).</span> <span class='ocrx_word' id='word_1_153' title='bbox 952 1830 993 1892; x_wconf 87' lang='lat' dir='ltr'>lle</span> <span class='ocrx_word' id='word_1_154' title='bbox 1016 1849 1048 1892; x_wconf 82' lang='lat' dir='ltr'>eu</span> <span class='ocrx_word' id='word_1_155' title='bbox 1071 1847 1102 1890; x_wconf 90' lang='lat' dir='ltr'>re</span> <span class='ocrx_word' id='word_1_156' title='bbox 1124 1839 1258 1891; x_wconf 90' lang='lat' dir='ltr'>auctores</span> <span class='ocrx_word' id='word_1_157' title='bbox 1285 1829 1336 1909; x_wconf 92' lang='lat' dir='ltr'>qui</span> <span class='ocrx_word' id='word_1_158' title='bbox 1358 1836 1519 1909; x_wconf 84' lang='lat' dir='ltr'>supersunt</span> 
     </span>
     <span class='ocr_line' id='line_1_16' title="bbox 167 1931 1518 2010; baseline 0 -18"><span class='ocrx_word' id='word_1_159' title='bbox 167 1931 240 1993; x_wconf 89' lang='lat' dir='ltr'>baec</span> <span class='ocrx_word' id='word_1_160' title='bbox 266 1931 353 1993; x_wconf 91' lang='lat' dir='ltr'>nobis</span> <span class='ocrx_word' id='word_1_161' title='bbox 375 1932 567 1995; x_wconf 83' lang='lat' dir='ltr'>tradiderunt.</span> <span class='ocrx_word' id='word_1_162' title='bbox 612 1932 730 1995; x_wconf 79' lang='lat' dir='ltr'>Tacitus</span> <span class='ocrx_word' id='word_1_163' title='bbox 751 1953 819 1996; x_wconf 90' lang='lat' dir='ltr'>ann.</span> <span class='ocrx_word' id='word_1_164' title='bbox 836 1934 866 2008; x_wconf 81' lang='lat'>2,</span> <span class='ocrx_word' id='word_1_165' title='bbox 882 1935 923 1996; x_wconf 87' lang='grc'>46</span> <span class='ocrx_word' id='word_1_166' title='bbox 945 1933 1133 2010; x_wconf 81' lang='lat' dir='ltr'>exoratione</span> <span class='ocrx_word' id='word_1_167' title='bbox 1156 1931 1326 1994; x_wconf 85' lang='lat' dir='ltr'>Marobodui</span> <span class='ocrx_word' id='word_1_168' title='bbox 1352 1932 1388 1993; x_wconf 89' lang='lat' dir='ltr'>ad</span> <span class='ocrx_word' id='word_1_169' title='bbox 1410 1931 1518 1994; x_wconf 90' lang='lat' dir='ltr'>milites</span> 
     </span>
     <span class='ocr_line' id='line_1_17' title="bbox 166 2033 1517 2118; baseline 0.003 -24"><span class='ocrx_word' id='word_1_170' title='bbox 166 2052 255 2096; x_wconf 89' lang='lat' dir='ltr'>suos:</span> <span class='ocrx_word' id='word_1_171' title='bbox 282 2053 312 2096; x_wconf 88' lang='lat' dir='ltr'>se</span> <span class='ocrx_word' id='word_1_172' title='bbox 341 2033 488 2098; x_wconf 80' lang='lat' dir='ltr'>duodecim</span> <span class='ocrx_word' id='word_1_173' title='bbox 515 2036 671 2116; x_wconf 73' lang='lat' dir='ltr'>legionibus</span> <span class='ocrx_word' id='word_1_174' title='bbox 688 2041 810 2118; x_wconf 83' lang='lat' dir='ltr'>petitum</span> <span class='ocrx_word' id='word_1_175' title='bbox 832 2039 900 2100; x_wconf 88' lang='lat' dir='ltr'>duee</span> <span class='ocrx_word' id='word_1_176' title='bbox 924 2036 1032 2099; x_wconf 76' lang='lat' dir='ltr'>Tiberio</span> <span class='ocrx_word' id='word_1_177' title='bbox 1054 2035 1202 2099; x_wconf 80' lang='lat' dir='ltr'>inlibatum</span> <span class='ocrx_word' id='word_1_178' title='bbox 1226 2033 1436 2098; x_wconf 78' lang='lat' dir='ltr'>Gerasenorum</span> <span class='ocrx_word' id='word_1_179' title='bbox 1454 2036 1517 2116; x_wconf 76' lang='lat' dir='ltr'>plo</span> 
     </span>
     <span class='ocr_line' id='line_1_18' title="bbox 164 2137 1519 2223; baseline 0.001 -25"><span class='ocrx_word' id='word_1_180' title='bbox 164 2142 241 2198; x_wconf 68' lang='lat' dir='ltr'>unns</span> <span class='ocrx_word' id='word_1_181' title='bbox 256 2141 421 2211; x_wconf 70' lang='lat' dir='ltr'>menuae,</span> <span class='ocrx_word' id='word_1_182' title='bbox 435 2157 505 2201; x_wconf 79' lang='lat' dir='ltr'>eree</span> <span class='ocrx_word' id='word_1_183' title='bbox 519 2140 727 2204; x_wconf 76' lang='lat' dir='ltr'>condicionibus</span> <span class='ocrx_word' id='word_1_184' title='bbox 742 2145 837 2223; x_wconf 88' lang='lat' dir='ltr'>eequis</span> <span class='ocrx_word' id='word_1_185' title='bbox 853 2141 1013 2203; x_wconf 76' lang='lat' dir='ltr'>ducuntrn.</span> <span class='ocrx_word' id='word_1_186' title='bbox 1043 2140 1202 2202; x_wconf 89' lang='lat' dir='ltr'>Suetonius</span> <span class='ocrx_word' id='word_1_187' title='bbox 1216 2139 1280 2200; x_wconf 85' lang='lat' dir='ltr'>Tib.</span> <span class='ocrx_word' id='word_1_188' title='bbox 1296 2139 1348 2201; x_wconf 84' lang='lat'>16:</span> <span class='ocrx_word' id='word_1_189' title='bbox 1372 2137 1519 2215; x_wconf 76' lang='lat' dir='ltr'>(Tiberius</span> 
     </span>
     <span class='ocr_line' id='line_1_19' title="bbox 166 2241 1518 2325; baseline 0.001 -23"><span class='ocrx_word' id='word_1_190' title='bbox 166 2241 290 2316; x_wconf 82' lang='lat' dir='ltr'>bobum)</span> <span class='ocrx_word' id='word_1_191' title='bbox 308 2261 363 2321; x_wconf 87' lang='lat' dir='ltr'>per</span> <span class='ocrx_word' id='word_1_192' title='bbox 384 2243 540 2323; x_wconf 74' lang='lat' dir='ltr'>quindecim</span> <span class='ocrx_word' id='word_1_193' title='bbox 561 2243 682 2324; x_wconf 78' lang='lat' dir='ltr'>legiones</span> <span class='ocrx_word' id='word_1_194' title='bbox 698 2263 851 2325; x_wconf 79' lang='lat' dir='ltr'>pmernqsse</span> <span class='ocrx_word' id='word_1_195' title='bbox 871 2244 1051 2306; x_wconf 79' lang='lat' dir='ltr'>eueiliornm</span> <span class='ocrx_word' id='word_1_196' title='bbox 1065 2247 1173 2324; x_wconf 84' lang='lat' dir='ltr'>sepiem</span> <span class='ocrx_word' id='word_1_197' title='bbox 1188 2245 1310 2305; x_wconf 84' lang='lat' dir='ltr'>triennio</span> <span class='ocrx_word' id='word_1_198' title='bbox 1322 2247 1413 2323; x_wconf 78' lang='lat' dir='ltr'>queit</span> <span class='ocrx_word' id='word_1_199' title='bbox 1451 2242 1518 2304; x_wconf 82' lang='lat' dir='ltr'>Vel-</span> 
     </span>
     <span class='ocr_line' id='line_1_20' title="bbox 165 2337 1521 2429; baseline 0.001 -24"><span class='ocrx_word' id='word_1_200' title='bbox 165 2345 241 2406; x_wconf 90' lang='lat' dir='ltr'>leius</span> <span class='ocrx_word' id='word_1_201' title='bbox 269 2355 425 2425; x_wconf 85' lang='lat' dir='ltr'>postquam</span> <span class='ocrx_word' id='word_1_202' title='bbox 454 2345 489 2418; x_wconf 82' lang='grc'>2,</span> <span class='ocrx_word' id='word_1_203' title='bbox 523 2347 583 2408; x_wconf 87' lang='grc'>110</span> <span class='ocrx_word' id='word_1_204' title='bbox 610 2347 646 2409; x_wconf 89' lang='lat' dir='ltr'>de</span> <span class='ocrx_word' id='word_1_205' title='bbox 672 2347 760 2409; x_wconf 90' lang='lat' dir='ltr'>rebus</span> <span class='ocrx_word' id='word_1_206' title='bbox 788 2347 908 2409; x_wconf 88' lang='lat' dir='ltr'>urbanis</span> <span class='ocrx_word' id='word_1_207' title='bbox 936 2347 1072 2429; x_wconf 85' lang='lat' dir='ltr'>exposuit</span> <span class='ocrx_word' id='word_1_208' title='bbox 1097 2346 1222 2427; x_wconf 90' lang='lat' dir='ltr'>bellique</span> <span class='ocrx_word' id='word_1_209' title='bbox 1250 2337 1390 2426; x_wconf 85' lang='lat' dir='ltr'>apparatu</span> <span class='ocrx_word' id='word_1_210' title='bbox 1419 2345 1521 2424; x_wconf 77' lang='lat' dir='ltr'>(tates</span> 
     </span>
     <span class='ocr_line' id='line_1_21' title="bbox 165 2447 1518 2532; baseline 0.001 -24"><span class='ocrx_word' id='word_1_211' title='bbox 165 2447 291 2520; x_wconf 83' lang='lat' dir='ltr'>dilectus,</span> <span class='ocrx_word' id='word_1_212' title='bbox 311 2452 438 2510; x_wconf 74' lang='lat' dir='ltr'>resumi</span> <span class='ocrx_word' id='word_1_213' title='bbox 456 2450 581 2530; x_wconf 87' lang='lat' dir='ltr'>undique</span> <span class='ocrx_word' id='word_1_214' title='bbox 602 2461 629 2513; x_wconf 86' lang='lat' dir='ltr'>et</span> <span class='ocrx_word' id='word_1_215' title='bbox 650 2470 745 2514; x_wconf 83' lang='lat' dir='ltr'>omnes</span> <span class='ocrx_word' id='word_1_216' title='bbox 767 2455 901 2525; x_wconf 72' lang='grc' dir='ltr'><strong><em>ταυτασὶ,</em></strong></span> <span class='ocrx_word' id='word_1_217' title='bbox 925 2455 983 2513; x_wconf 82' lang='lat' dir='ltr'>uiri</span> <span class='ocrx_word' id='word_1_218' title='bbox 1001 2453 1176 2532; x_wconf 79' lang='lat' dir='ltr'>festinusque</span> <span class='ocrx_word' id='word_1_219' title='bbox 1198 2468 1236 2512; x_wconf 81' lang='lat' dir='ltr'>en</span> <span class='ocrx_word' id='word_1_220' title='bbox 1256 2468 1341 2511; x_wconf 75' lang='grc' dir='ltr'><strong><em>τουτο</em></strong></span> <span class='ocrx_word' id='word_1_221' title='bbox 1355 2449 1518 2512; x_wconf 75' lang='lat' dir='ltr'>libertinum</span> 
     </span>
     <span class='ocr_line' id='line_1_22' title="bbox 166 2551 1518 2636; baseline -0.001 -23"><span class='ocrx_word' id='word_1_222' title='bbox 166 2563 278 2614; x_wconf 86' lang='lat' dir='ltr'>cooetee</span> <span class='ocrx_word' id='word_1_223' title='bbox 300 2551 370 2613; x_wconf 87' lang='lat' dir='ltr'>dere</span> <span class='ocrx_word' id='word_1_224' title='bbox 390 2552 520 2630; x_wconf 72' lang='lat' dir='ltr'>miden)</span> <span class='ocrx_word' id='word_1_225' title='bbox 535 2572 560 2614; x_wconf 93' lang='lat' dir='ltr'>c.</span> <span class='ocrx_word' id='word_1_226' title='bbox 579 2554 637 2614; x_wconf 91' lang='grc'>111</span> <span class='ocrx_word' id='word_1_227' title='bbox 661 2554 758 2636; x_wconf 91' lang='lat' dir='ltr'>primo</span> <span class='ocrx_word' id='word_1_228' title='bbox 779 2573 857 2616; x_wconf 93' lang='lat' dir='ltr'>anno</span> <span class='ocrx_word' id='word_1_229' title='bbox 880 2554 947 2616; x_wconf 88' lang='lat' dir='ltr'>belli</span> <span class='ocrx_word' id='word_1_230' title='bbox 970 2554 1132 2635; x_wconf 90' lang='lat' dir='ltr'>etquidem</span> <span class='ocrx_word' id='word_1_231' title='bbox 1149 2562 1231 2634; x_wconf 89' lang='lat' dir='ltr'>parte</span> <span class='ocrx_word' id='word_1_232' title='bbox 1253 2551 1382 2633; x_wconf 82' lang='lat' dir='ltr'>priore¹)</span> <span class='ocrx_word' id='word_1_233' title='bbox 1405 2551 1518 2613; x_wconf 90' lang='lat' dir='ltr'>exerci-</span> 
     </span>
     <span class='ocr_line' id='line_1_23' title="bbox 166 2654 1518 2737; baseline 0.001 -21"><span class='ocrx_word' id='word_1_234' title='bbox 166 2663 230 2717; x_wconf 91' lang='lat' dir='ltr'>tum</span> <span class='ocrx_word' id='word_1_235' title='bbox 252 2654 290 2716; x_wconf 89' lang='lat' dir='ltr'>ab</span> <span class='ocrx_word' id='word_1_236' title='bbox 311 2654 384 2716; x_wconf 92' lang='lat' dir='ltr'>urbe</span> <span class='ocrx_word' id='word_1_237' title='bbox 405 2654 437 2716; x_wconf 91' lang='lat' dir='ltr'>in</span> <span class='ocrx_word' id='word_1_238' title='bbox 451 2654 632 2719; x_wconf 88' lang='lat' dir='ltr'>Pannoniam</span> <span class='ocrx_word' id='word_1_239' title='bbox 655 2658 777 2721; x_wconf 89' lang='lat' dir='ltr'>ductum</span> <span class='ocrx_word' id='word_1_240' title='bbox 793 2676 857 2720; x_wconf 89' lang='lat' dir='ltr'>csse</span> <span class='ocrx_word' id='word_1_241' title='bbox 875 2657 1034 2737; x_wconf 60' lang='lat' dir='ltr'>significan</span> <span class='ocrx_word' id='word_1_242' title='bbox 1055 2655 1190 2736; x_wconf 76' lang='lat' dir='ltr'>eodem²)</span> <span class='ocrx_word' id='word_1_243' title='bbox 1205 2655 1365 2718; x_wconf 84' lang='lat' dir='ltr'>exercitum</span> <span class='ocrx_word' id='word_1_244' title='bbox 1388 2655 1518 2737; x_wconf 90' lang='lat' dir='ltr'>quinque</span> 
     </span>
     <span class='ocr_line' id='line_1_24' title="bbox 165 2757 1518 2840; baseline 0.001 -22"><span class='ocrx_word' id='word_1_245' title='bbox 165 2757 327 2838; x_wconf 88' lang='lat' dir='ltr'>legionum,</span> <span class='ocrx_word' id='word_1_246' title='bbox 360 2777 441 2840; x_wconf 85' lang='lat' dir='ltr'>quesn</span> <span class='ocrx_word' id='word_1_247' title='bbox 470 2759 501 2821; x_wconf 82' lang='lat' dir='ltr'>t.</span> <span class='ocrx_word' id='word_1_248' title='bbox 525 2757 647 2824; x_wconf 83' lang='lat' dir='ltr'>Ceee&#39;ste</span> <span class='ocrx_word' id='word_1_249' title='bbox 682 2773 709 2824; x_wconf 88' lang='lat' dir='ltr'>et</span> <span class='ocrx_word' id='word_1_250' title='bbox 737 2761 873 2824; x_wconf 84' lang='lat' dir='ltr'>Siluanus</span> <span class='ocrx_word' id='word_1_251' title='bbox 901 2761 1029 2824; x_wconf 87' lang='lat' dir='ltr'>Pleutiue</span> <span class='ocrx_word' id='word_1_252' title='bbox 1058 2760 1220 2824; x_wconf 69' lang='lat' dir='ltr'>conceleres</span> <span class='ocrx_word' id='word_1_253' title='bbox 1247 2777 1286 2821; x_wconf 81' lang='lat' dir='ltr'>en</span> <span class='ocrx_word' id='word_1_254' title='bbox 1316 2762 1518 2820; x_wconf 76' lang='lat' dir='ltr'>tremrnerrisis</span> 
     </span>
     <span class='ocr_line' id='line_1_25' title="bbox 164 2861 1517 2945; baseline -0.001 -21"><span class='ocrx_word' id='word_1_255' title='bbox 164 2861 342 2924; x_wconf 62' lang='lat' dir='ltr'>desudent</span> <span class='ocrx_word' id='word_1_256' title='bbox 359 2865 523 2942; x_wconf 55' lang='lat' dir='ltr'>prmsncie</span> <span class='ocrx_word' id='word_1_257' title='bbox 546 2883 614 2926; x_wconf 92' lang='lat' dir='ltr'>cum</span> <span class='ocrx_word' id='word_1_258' title='bbox 636 2865 825 2928; x_wconf 88' lang='lat' dir='ltr'>auxiliaribus</span> <span class='ocrx_word' id='word_1_259' title='bbox 848 2865 949 2928; x_wconf 91' lang='lat' dir='ltr'>multis</span> <span class='ocrx_word' id='word_1_260' title='bbox 972 2865 1161 2945; x_wconf 91' lang='lat' dir='ltr'>equitatuque</span> <span class='ocrx_word' id='word_1_261' title='bbox 1177 2864 1303 2925; x_wconf 81' lang='lat' dir='ltr'>maxime</span> <span class='ocrx_word' id='word_1_262' title='bbox 1325 2861 1401 2942; x_wconf 90' lang='lat' dir='ltr'>regis</span> <span class='ocrx_word' id='word_1_263' title='bbox 1423 2861 1517 2924; x_wconf 85' lang='lat' dir='ltr'>Thra-</span> 
     </span>
    </p>
   </div>
   <div class='ocr_carea' id='block_1_3' title="bbox 162 2964 1622 3050">
    <p class='ocr_par' dir='ltr' id='par_1_3' title="bbox 162 2964 1622 3050">
     <span class='ocr_line' id='line_1_26' title="bbox 162 2964 1622 3050; baseline 0 -24"><span class='ocrx_word' id='word_1_264' title='bbox 162 2965 224 3028; x_wconf 90' lang='lat' dir='ltr'>ciae</span> <span class='ocrx_word' id='word_1_265' title='bbox 255 2964 493 3040; x_wconf 87' lang='lat' dir='ltr'>llboemetalcae‚</span> <span class='ocrx_word' id='word_1_266' title='bbox 531 2967 737 3032; x_wconf 72' lang='lat' dir='ltr'>adventantem</span> <span class='ocrx_word' id='word_1_267' title='bbox 772 2977 840 3049; x_wconf 90' lang='lat' dir='ltr'>post</span> <span class='ocrx_word' id='word_1_268' title='bbox 873 2987 977 3050; x_wconf 90' lang='lat' dir='ltr'>magna</span> <span class='ocrx_word' id='word_1_269' title='bbox 1009 2967 1138 3050; x_wconf 88' lang='lat' dir='ltr'>pericula</span> <span class='ocrx_word' id='word_1_270' title='bbox 1153 2975 1306 3048; x_wconf 76' lang='lat' dir='ltr'>superata</span> <span class='ocrx_word' id='word_1_271' title='bbox 1338 2965 1517 3046; x_wconf 84' lang='lat' dir='ltr'>insperatam</span> <span class='ocrx_word' id='word_1_272' title='bbox 1618 3031 1622 3042; x_wconf 63' lang='grc'>,</span> 
     </span>
    </p>
   </div>
   <div class='ocr_carea' id='block_1_4' title="bbox 154 3067 1554 4186">
    <p class='ocr_par' dir='ltr' id='par_1_4' title="bbox 154 3067 1554 4186">
     <span class='ocr_line' id='line_1_27' title="bbox 162 3067 1517 3152; baseline 0.001 -23"><span class='ocrx_word' id='word_1_273' title='bbox 162 3087 255 3149; x_wconf 86' lang='lat' dir='ltr'>paene</span> <span class='ocrx_word' id='word_1_274' title='bbox 281 3067 433 3131; x_wconf 85' lang='lat' dir='ltr'>victoriam</span> <span class='ocrx_word' id='word_1_275' title='bbox 455 3079 604 3150; x_wconf 79' lang='lat' dir='ltr'>patrasse3</span> <span class='ocrx_word' id='word_1_276' title='bbox 629 3073 669 3134; x_wconf 87' lang='lat' dir='ltr'>ita</span> <span class='ocrx_word' id='word_1_277' title='bbox 692 3073 761 3152; x_wconf 93' lang='lat' dir='ltr'>quid</span> <span class='ocrx_word' id='word_1_278' title='bbox 784 3073 921 3135; x_wconf 77' lang='lat' dir='ltr'>ellectum</span> <span class='ocrx_word' id='word_1_279' title='bbox 945 3071 984 3134; x_wconf 89' lang='lat' dir='ltr'>sit</span> <span class='ocrx_word' id='word_1_280' title='bbox 1005 3089 1154 3152; x_wconf 88' lang='lat' dir='ltr'>exponens</span> <span class='ocrx_word' id='word_1_281' title='bbox 1176 3089 1200 3132; x_wconf 91' lang='lat' dir='ltr'>c.</span> <span class='ocrx_word' id='word_1_282' title='bbox 1225 3068 1284 3130; x_wconf 88' lang='lat'>113</span> <span class='ocrx_word' id='word_1_283' title='bbox 1307 3071 1410 3131; x_wconf 82' lang='lat' dir='ltr'>iuuets‘s</span> <span class='ocrx_word' id='word_1_284' title='bbox 1431 3087 1517 3132; x_wconf 83' lang='lat' dir='ltr'>seer-</span> 
     </span>
     <span class='ocr_line' id='line_1_28' title="bbox 163 3171 1518 3258; baseline 0 -24"><span class='ocrx_word' id='word_1_285' title='bbox 163 3173 272 3242; x_wconf 83' lang='lat' dir='ltr'>sitibus,</span> <span class='ocrx_word' id='word_1_286' title='bbox 294 3171 401 3251; x_wconf 72' lang='lat' dir='ltr'>inquit,</span> <span class='ocrx_word' id='word_1_287' title='bbox 424 3177 524 3255; x_wconf 85' lang='lat' dir='ltr'>quique</span> <span class='ocrx_word' id='word_1_288' title='bbox 545 3176 597 3237; x_wconf 86' lang='lat' dir='ltr'>sub</span> <span class='ocrx_word' id='word_1_289' title='bbox 615 3175 735 3239; x_wconf 70' lang='lat' dir='ltr'>cauere</span> <span class='ocrx_word' id='word_1_290' title='bbox 756 3178 876 3258; x_wconf 75' lang='lat' dir='ltr'>seruent</span> <span class='ocrx_word' id='word_1_291' title='bbox 898 3180 999 3258; x_wconf 89' lang='lat' dir='ltr'>quique</span> <span class='ocrx_word' id='word_1_292' title='bbox 1018 3177 1057 3237; x_wconf 85' lang='lat' dir='ltr'>ed</span> <span class='ocrx_word' id='word_1_293' title='bbox 1070 3193 1134 3237; x_wconf 88' lang='lat' dir='ltr'>eum</span> <span class='ocrx_word' id='word_1_294' title='bbox 1148 3183 1294 3244; x_wconf 73' lang='lat' dir='ltr'>uomere,</span> <span class='ocrx_word' id='word_1_295' title='bbox 1317 3177 1518 3255; x_wconf 71' lang='lat' dir='ltr'>contrususque</span> 
     </span>
     <span class='ocr_line' id='line_1_29' title="bbox 162 3266 1518 3360; baseline 0 -22"><span class='ocrx_word' id='word_1_296' title='bbox 162 3280 196 3338; x_wconf 83' lang='lat' dir='ltr'>iu</span> <span class='ocrx_word' id='word_1_297' title='bbox 224 3294 285 3336; x_wconf 85' lang='lat' dir='ltr'>sese</span> <span class='ocrx_word' id='word_1_298' title='bbox 311 3285 406 3338; x_wconf 87' lang='lat' dir='ltr'>cestre</span> <span class='ocrx_word' id='word_1_299' title='bbox 433 3277 525 3339; x_wconf 79' lang='grc' dir='ltr'><strong><em>σοαοι</em></strong></span> <span class='ocrx_word' id='word_1_300' title='bbox 553 3266 725 3359; x_wconf 71' lang='lat' dir='ltr'>legionibus,</span> <span class='ocrx_word' id='word_1_301' title='bbox 751 3283 928 3360; x_wconf 67' lang='lat' dir='ltr'>sqtueqiute</span> <span class='ocrx_word' id='word_1_302' title='bbox 955 3279 1077 3358; x_wconf 82' lang='lat' dir='ltr'>amplisu</span> <span class='ocrx_word' id='word_1_303' title='bbox 1102 3277 1273 3348; x_wconf 80' lang='lat' dir='ltr'>cobcrtibsu,</span> <span class='ocrx_word' id='word_1_304' title='bbox 1303 3275 1396 3340; x_wconf 74' lang='grc' dir='ltr'><strong><em>λοοουτ</em></strong></span> <span class='ocrx_word' id='word_1_305' title='bbox 1416 3276 1470 3338; x_wconf 77' lang='lat' dir='ltr'>eles</span> <span class='ocrx_word' id='word_1_306' title='bbox 1491 3288 1518 3339; x_wconf 90' lang='lat' dir='ltr'>et</span> 
     </span>
     <span class='ocr_line' id='line_1_30' title="bbox 154 3379 1517 3461; baseline -0.001 -19"><span class='ocrx_word' id='word_1_307' title='bbox 154 3379 295 3461; x_wconf 81' lang='lat' dir='ltr'>plurilus</span> <span class='ocrx_word' id='word_1_308' title='bbox 314 3398 400 3459; x_wconf 84' lang='lat' dir='ltr'>quem</span> <span class='ocrx_word' id='word_1_309' title='bbox 423 3380 515 3442; x_wconf 84' lang='lat' dir='ltr'>decem</span> <span class='ocrx_word' id='word_1_310' title='bbox 535 3394 736 3445; x_wconf 75' lang='lat' dir='ltr'>eemusorson</span> <span class='ocrx_word' id='word_1_311' title='bbox 757 3383 879 3455; x_wconf 80' lang='lat' dir='ltr'>utilibus,</span> <span class='ocrx_word' id='word_1_312' title='bbox 905 3383 943 3444; x_wconf 89' lang='lat' dir='ltr'>ed</span> <span class='ocrx_word' id='word_1_313' title='bbox 963 3383 1014 3444; x_wconf 83' lang='lat' dir='ltr'>tec</span> <span class='ocrx_word' id='word_1_314' title='bbox 1034 3399 1139 3461; x_wconf 80' lang='lat' dir='ltr'>magne</span> <span class='ocrx_word' id='word_1_315' title='bbox 1152 3381 1384 3443; x_wconf 81' lang='lat' dir='ltr'>uoluntariorum</span> <span class='ocrx_word' id='word_1_316' title='bbox 1397 3397 1517 3442; x_wconf 83' lang='lat' dir='ltr'>numero</span> 
     </span>
     <span class='ocr_line' id='line_1_31' title="bbox 159 3470 1518 3568; baseline 0.002 -25"><span class='ocrx_word' id='word_1_317' title='bbox 159 3470 365 3564; x_wconf 70' lang='lat' dir='ltr'>[repetentique</span> <span class='ocrx_word' id='word_1_318' title='bbox 386 3489 478 3564; x_wconf 83' lang='lat' dir='ltr'>equite</span> <span class='ocrx_word' id='word_1_319' title='bbox 506 3489 597 3566; x_wconf 83' lang='lat' dir='ltr'>regio,</span> <span class='ocrx_word' id='word_1_320' title='bbox 626 3497 704 3549; x_wconf 80' lang='lat' dir='ltr'>testo</span> <span class='ocrx_word' id='word_1_321' title='bbox 733 3487 852 3568; x_wconf 81' lang='lat' dir='ltr'>denique</span> <span class='ocrx_word' id='word_1_322' title='bbox 880 3489 1022 3558; x_wconf 75' lang='lat' dir='ltr'>cousin,</span> <span class='ocrx_word' id='word_1_323' title='bbox 1054 3495 1177 3566; x_wconf 88' lang='lat' dir='ltr'>quentns</span> <span class='ocrx_word' id='word_1_324' title='bbox 1197 3483 1279 3546; x_wconf 87' lang='lat' dir='ltr'>nullo</span> <span class='ocrx_word' id='word_1_325' title='bbox 1299 3501 1436 3565; x_wconf 73' lang='lat' dir='ltr'>timpum</span> <span class='ocrx_word' id='word_1_326' title='bbox 1458 3484 1518 3546; x_wconf 92' lang='lat' dir='ltr'>loce</span> 
     </span>
     <span class='ocr_line' id='line_1_32' title="bbox 159 3580 1517 3668; baseline -0.001 -20"><span class='ocrx_word' id='word_1_327' title='bbox 159 3589 262 3667; x_wconf 72' lang='lat' dir='ltr'>fueret</span> <span class='ocrx_word' id='word_1_328' title='bbox 279 3597 347 3667; x_wconf 87' lang='lat' dir='ltr'>post</span> <span class='ocrx_word' id='word_1_329' title='bbox 367 3585 442 3649; x_wconf 85' lang='lat' dir='ltr'>dello</span> <span class='ocrx_word' id='word_1_330' title='bbox 464 3589 565 3651; x_wconf 70' lang='lat' dir='ltr'>nube</span> <span class='ocrx_word' id='word_1_331' title='bbox 611 3588 664 3651; x_wconf 85' lang='lat' dir='ltr'>llio</span> <span class='ocrx_word' id='word_1_332' title='bbox 680 3590 731 3664; x_wconf 88' lang='grc'>55,</span> <span class='ocrx_word' id='word_1_333' title='bbox 747 3589 804 3652; x_wconf 84' lang='grc'>31;</span> <span class='ocrx_word' id='word_1_334' title='bbox 828 3580 847 3653; x_wconf 86' lang='lat' dir='ltr'>o‘</span> <span class='ocrx_word' id='word_1_335' title='bbox 866 3585 1130 3666; x_wconf 75' lang='grc' dir='ltr'><strong><em>Αὔγουστος...</em></strong></span> <span class='ocrx_word' id='word_1_336' title='bbox 1147 3589 1275 3668; x_wconf 79' lang='grc' dir='ltr'>πέμπει</span> <span class='ocrx_word' id='word_1_337' title='bbox 1297 3587 1377 3667; x_wconf 83' lang='lat' dir='ltr'>(sere</span> <span class='ocrx_word' id='word_1_338' title='bbox 1399 3605 1424 3648; x_wconf 84' lang='lat' dir='ltr'>u.</span> <span class='ocrx_word' id='word_1_339' title='bbox 1442 3585 1517 3665; x_wconf 82' lang='lat'>760)</span> 
     </span>
     <span class='ocr_line' id='line_1_33' title="bbox 160 3685 1554 3774; baseline 0.005 -23"><span class='ocrx_word' id='word_1_340' title='bbox 160 3685 221 3752; x_wconf 86' lang='grc' dir='ltr'><strong><em>τὸν</em></strong></span> <span class='ocrx_word' id='word_1_341' title='bbox 242 3686 443 3770; x_wconf 78' lang='grc' dir='ltr'><strong><em>Γερμανικὸν</em></strong></span> <span class='ocrx_word' id='word_1_342' title='bbox 545 3688 745 3774; x_wconf 74' lang='grc' dir='ltr'><strong><em>στρατιώτας</em></strong></span> <span class='ocrx_word' id='word_1_343' title='bbox 774 3689 807 3755; x_wconf 79' lang='lat' dir='ltr'>ei</span> <span class='ocrx_word' id='word_1_344' title='bbox 837 3687 896 3754; x_wconf 79' lang='grc' dir='ltr'>οὐκ</span> <span class='ocrx_word' id='word_1_345' title='bbox 924 3685 1064 3770; x_wconf 74' lang='grc' dir='ltr'>εὐγενεῖς</span> <span class='ocrx_word' id='word_1_346' title='bbox 1086 3686 1293 3773; x_wconf 66' lang='lat' dir='ltr'>poneretis</span> <span class='ocrx_word' id='word_1_347' title='bbox 1314 3687 1370 3751; x_wconf 77' lang='grc' dir='ltr'>καὶ</span> <span class='ocrx_word' id='word_1_348' title='bbox 1393 3687 1517 3762; x_wconf 72' lang='grc' dir='ltr'><strong><em>ἔξελον·</em></strong></span> <span class='ocrx_word' id='word_1_349' title='bbox 1551 3751 1554 3758; x_wconf 89' lang='grc'>.</span> 
     </span>
     <span class='ocr_line' id='line_1_34' title="bbox 161 3787 1518 3880; baseline 0.001 -25"><span class='ocrx_word' id='word_1_350' title='bbox 161 3793 286 3876; x_wconf 70' lang='grc' dir='ltr'><strong><em>θέρους</em></strong></span> <span class='ocrx_word' id='word_1_351' title='bbox 308 3787 398 3867; x_wconf 77' lang='grc' dir='ltr'><strong><em>δούς,</em></strong></span> <span class='ocrx_word' id='word_1_352' title='bbox 431 3788 550 3867; x_wconf 84' lang='grc' dir='ltr'><strong><em>ἄλλους</em></strong></span> <span class='ocrx_word' id='word_1_353' title='bbox 578 3817 613 3856; x_wconf 89' lang='grc' dir='ltr'><strong><em>τε</em></strong></span> <span class='ocrx_word' id='word_1_354' title='bbox 638 3795 695 3857; x_wconf 77' lang='grc' dir='ltr'>καὶ</span> <span class='ocrx_word' id='word_1_355' title='bbox 722 3789 820 3870; x_wconf 82' lang='grc' dir='ltr'><strong><em>ὅσους</em></strong></span> <span class='ocrx_word' id='word_1_356' title='bbox 846 3791 941 3880; x_wconf 76' lang='grc' dir='ltr'><strong><em>παρα</em></strong></span> <span class='ocrx_word' id='word_1_357' title='bbox 968 3787 1317 3876; x_wconf 64' lang='lat' dir='ltr'>reverentissimi</span> <span class='ocrx_word' id='word_1_358' title='bbox 1339 3790 1432 3874; x_wconf 83' lang='grc' dir='ltr'><strong><em>παρὰ</em></strong></span> <span class='ocrx_word' id='word_1_359' title='bbox 1454 3793 1518 3857; x_wconf 79' lang='grc' dir='ltr'><strong><em>τῶν</em></strong></span> 
     </span>
     <span class='ocr_line' id='line_1_35' title="bbox 161 3891 1517 3986; baseline 0.001 -28"><span class='ocrx_word' id='word_1_360' title='bbox 161 3894 327 3974; x_wconf 76' lang='grc' dir='ltr'>γυναικῶν</span> <span class='ocrx_word' id='word_1_361' title='bbox 354 3891 493 3969; x_wconf 80' lang='grc' dir='ltr'><strong><em>δούλους</em></strong></span> <span class='ocrx_word' id='word_1_362' title='bbox 521 3895 606 3978; x_wconf 83' lang='grc' dir='ltr'><strong><em>πρὸς</em></strong></span> <span class='ocrx_word' id='word_1_363' title='bbox 634 3897 676 3961; x_wconf 85' lang='grc' dir='ltr'><strong><em>τὰ</em></strong></span> <span class='ocrx_word' id='word_1_364' title='bbox 699 3895 868 3983; x_wconf 72' lang='grc' dir='ltr'>τιμήματα</span> <span class='ocrx_word' id='word_1_365' title='bbox 895 3891 1004 3963; x_wconf 73' lang='grc' dir='ltr'><strong><em>αὐτῶν</em></strong></span> <span class='ocrx_word' id='word_1_366' title='bbox 1032 3896 1091 3962; x_wconf 76' lang='grc' dir='ltr'>σὺν</span> <span class='ocrx_word' id='word_1_367' title='bbox 1117 3897 1223 3986; x_wconf 75' lang='grc' dir='ltr'><strong><em>τροφῇ</em></strong></span> <span class='ocrx_word' id='word_1_368' title='bbox 1251 3892 1378 3982; x_wconf 77' lang='grc' dir='ltr'><strong><em>ἕκμήνῳ</em></strong></span> <span class='ocrx_word' id='word_1_369' title='bbox 1406 3895 1517 3978; x_wconf 77' lang='grc' dir='ltr'><strong><em>λαβὼν</em></strong></span> 
     </span>
     <span class='ocr_line' id='line_1_36' title="bbox 161 3990 1518 4084; baseline 0.001 -22"><span class='ocrx_word' id='word_1_370' title='bbox 161 3990 402 4082; x_wconf 67' lang='grc' dir='ltr'><strong><em>ἠλευθέρωσεν.</em></strong></span> <span class='ocrx_word' id='word_1_371' title='bbox 446 4019 471 4062; x_wconf 89' lang='lat' dir='ltr'>c.</span> <span class='ocrx_word' id='word_1_372' title='bbox 488 3999 543 4062; x_wconf 80' lang='lat'>32:</span> <span class='ocrx_word' id='word_1_373' title='bbox 572 4001 631 4064; x_wconf 80' lang='grc' dir='ltr'><strong><em>τοῦ</em></strong></span> <span class='ocrx_word' id='word_1_374' title='bbox 652 3999 690 4064; x_wconf 76' lang='grc' dir='ltr'>δὲ</span> <span class='ocrx_word' id='word_1_375' title='bbox 711 3999 752 4084; x_wconf 69' lang='grc' dir='ltr'>δὴ</span> <span class='ocrx_word' id='word_1_376' title='bbox 781 4001 984 4084; x_wconf 76' lang='grc' dir='ltr'><strong><em>Γερμανικοῦ</em></strong></span> <span class='ocrx_word' id='word_1_377' title='bbox 1006 3999 1039 4076; x_wconf 73' lang='grc' dir='ltr'>ἐς</span> <span class='ocrx_word' id='word_1_378' title='bbox 1060 3998 1119 4084; x_wconf 74' lang='grc' dir='ltr'><strong><em>τὴν</em></strong></span> <span class='ocrx_word' id='word_1_379' title='bbox 1149 3998 1518 4075; x_wconf 66' lang='lat' dir='ltr'>mussemutinae</span> 
     </span>
     <span class='ocr_line' id='line_1_37' title="bbox 162 4095 1516 4186; baseline 0.003 -22"><span class='ocrx_word' id='word_1_380' title='bbox 162 4101 220 4164; x_wconf 78' lang='grc' dir='ltr'>καὶ</span> <span class='ocrx_word' id='word_1_381' title='bbox 242 4095 496 4185; x_wconf 75' lang='grc' dir='ltr'><strong><em>στρατευμάτων</em></strong></span> <span class='ocrx_word' id='word_1_382' title='bbox 517 4101 731 4184; x_wconf 77' lang='grc' dir='ltr'><strong><em>πολλαχόθεν</em></strong></span> <span class='ocrx_word' id='word_1_383' title='bbox 752 4103 858 4168; x_wconf 76' lang='grc' dir='ltr'><strong><em>ἐκεῖσε</em></strong></span> <span class='ocrx_word' id='word_1_384' title='bbox 873 4101 1062 4170; x_wconf 88' lang='grc' dir='ltr'><strong><em>συνιόντων.</em></strong></span> <span class='ocrx_word' id='word_1_385' title='bbox 1089 4104 1247 4169; x_wconf 88' lang='lat' dir='ltr'>Suetonius</span> <span class='ocrx_word' id='word_1_386' title='bbox 1262 4104 1335 4186; x_wconf 78' lang='lat' dir='ltr'>Aug.</span> <span class='ocrx_word' id='word_1_387' title='bbox 1351 4104 1406 4168; x_wconf 83' lang='lat'>25:</span> <span class='ocrx_word' id='word_1_388' title='bbox 1430 4106 1516 4168; x_wconf 86' lang='lat' dir='ltr'>liler-</span> 
     </span>
    </p>
   </div>
   <div class='ocr_carea' id='block_1_5' title="bbox 164 4397 1516 4813">
    <p class='ocr_par' dir='ltr' id='par_1_5' title="bbox 164 4397 1516 4642">
     <span class='ocr_line' id='line_1_38' title="bbox 265 4397 1515 4468; baseline -0.001 -18"><span class='ocrx_word' id='word_1_389' title='bbox 265 4398 287 4463; x_wconf 85' lang='lat'>¹)</span> <span class='ocrx_word' id='word_1_390' title='bbox 303 4397 428 4450; x_wconf 84' lang='lat' dir='ltr'>Nimirum</span> <span class='ocrx_word' id='word_1_391' title='bbox 452 4407 574 4466; x_wconf 75' lang='lat' dir='ltr'>quaestor</span> <span class='ocrx_word' id='word_1_392' title='bbox 593 4401 739 4464; x_wconf 83' lang='lat' dir='ltr'>designatus</span> <span class='ocrx_word' id='word_1_393' title='bbox 758 4401 813 4468; x_wconf 87' lang='lat' dir='ltr'>ipee</span> <span class='ocrx_word' id='word_1_394' title='bbox 832 4417 887 4453; x_wconf 85' lang='lat' dir='ltr'>curn</span> <span class='ocrx_word' id='word_1_395' title='bbox 905 4402 939 4453; x_wconf 85' lang='lat' dir='ltr'>iis</span> <span class='ocrx_word' id='word_1_396' title='bbox 958 4401 1040 4467; x_wconf 89' lang='lat' dir='ltr'>copiis</span> <span class='ocrx_word' id='word_1_397' title='bbox 1058 4401 1145 4464; x_wconf 88' lang='lat' dir='ltr'>venit,</span> <span class='ocrx_word' id='word_1_398' title='bbox 1162 4400 1188 4450; x_wconf 90' lang='lat' dir='ltr'>id</span> <span class='ocrx_word' id='word_1_399' title='bbox 1207 4405 1247 4451; x_wconf 88' lang='lat' dir='ltr'>est</span> <span class='ocrx_word' id='word_1_400' title='bbox 1264 4407 1323 4452; x_wconf 84' lang='lat' dir='ltr'>ente</span> <span class='ocrx_word' id='word_1_401' title='bbox 1341 4400 1396 4451; x_wconf 87' lang='lat' dir='ltr'>eius</span> <span class='ocrx_word' id='word_1_402' title='bbox 1415 4399 1515 4450; x_wconf 78' lang='lat' dir='ltr'>senil.</span> 
     </span>
     <span class='ocr_line' id='line_1_39' title="bbox 164 4485 1516 4555; baseline 0.001 -19"><span class='ocrx_word' id='word_1_403' title='bbox 164 4485 221 4546; x_wconf 79' lang='lat' dir='ltr'>lul,</span> <span class='ocrx_word' id='word_1_404' title='bbox 247 4493 277 4536; x_wconf 90' lang='lat' dir='ltr'>ut</span> <span class='ocrx_word' id='word_1_405' title='bbox 294 4486 397 4550; x_wconf 82' lang='lat' dir='ltr'>egregie</span> <span class='ocrx_word' id='word_1_406' title='bbox 417 4485 759 4539; x_wconf 57' lang='lat' dir='ltr'>cerasuntensium</span> <span class='ocrx_word' id='word_1_407' title='bbox 777 4503 825 4540; x_wconf 79' lang='lat' dir='ltr'>eser</span> <span class='ocrx_word' id='word_1_408' title='bbox 843 4485 988 4539; x_wconf 80' lang='lat' dir='ltr'>Gesobiebte</span> <span class='ocrx_word' id='word_1_409' title='bbox 1004 4485 1050 4538; x_wconf 83' lang='lat' dir='ltr'>des·</span> <span class='ocrx_word' id='word_1_410' title='bbox 1059 4486 1256 4555; x_wconf 81' lang='lat' dir='ltr'>germaniscdeu</span> <span class='ocrx_word' id='word_1_411' title='bbox 1267 4485 1323 4536; x_wconf 85' lang='lat' dir='ltr'>und</span> <span class='ocrx_word' id='word_1_412' title='bbox 1330 4487 1516 4553; x_wconf 72' lang='lat' dir='ltr'>persenserim</span> 
     </span>
     <span class='ocr_line' id='line_1_40' title="bbox 165 4569 842 4642; baseline 0.004 -21"><span class='ocrx_word' id='word_1_413' title='bbox 165 4569 257 4638; x_wconf 77' lang='lat' dir='ltr'>lisiege</span> <span class='ocrx_word' id='word_1_414' title='bbox 273 4573 349 4623; x_wconf 66' lang='lat' dir='ltr'>nutu</span> <span class='ocrx_word' id='word_1_415' title='bbox 365 4572 505 4638; x_wconf 82' lang='lat' dir='ltr'>Augustus</span> <span class='ocrx_word' id='word_1_416' title='bbox 521 4572 646 4636; x_wconf 87' lang='lat' dir='ltr'>(llerolini</span> <span class='ocrx_word' id='word_1_417' title='bbox 665 4573 741 4638; x_wconf 77' lang='lat' dir='ltr'>tete)</span> <span class='ocrx_word' id='word_1_418' title='bbox 760 4591 783 4642; x_wconf 87' lang='lat' dir='ltr'>p.</span> <span class='ocrx_word' id='word_1_419' title='bbox 803 4575 842 4625; x_wconf 86' lang='lat' dir='ltr'>rt.</span> 
     </span>
    </p>

    <p class='ocr_par' dir='ltr' id='par_1_6' title="bbox 165 4656 1515 4813">
     <span class='ocr_line' id='line_1_41' title="bbox 265 4656 1515 4726; baseline 0.002 -19"><span class='ocrx_word' id='word_1_420' title='bbox 265 4656 584 4721; x_wconf 60' lang='lat' dir='ltr'>pronuntiemus</span> <span class='ocrx_word' id='word_1_421' title='bbox 601 4660 740 4726; x_wconf 85' lang='lat' dir='ltr'>pertinere,</span> <span class='ocrx_word' id='word_1_422' title='bbox 757 4677 816 4724; x_wconf 86' lang='lat' dir='ltr'>nou,</span> <span class='ocrx_word' id='word_1_423' title='bbox 833 4667 863 4711; x_wconf 90' lang='lat' dir='ltr'>ut</span> <span class='ocrx_word' id='word_1_424' title='bbox 879 4659 927 4710; x_wconf 84' lang='lat' dir='ltr'>elii</span> <span class='ocrx_word' id='word_1_425' title='bbox 946 4665 1100 4726; x_wconf 72' lang='lat' dir='ltr'>stituerunt,</span> <span class='ocrx_word' id='word_1_426' title='bbox 1118 4659 1148 4710; x_wconf 78' lang='lat' dir='ltr'>sd</span> <span class='ocrx_word' id='word_1_427' title='bbox 1166 4673 1189 4710; x_wconf 82' lang='lat' dir='ltr'>a.</span> <span class='ocrx_word' id='word_1_428' title='bbox 1203 4659 1252 4711; x_wconf 84' lang='lat' dir='ltr'>teo</span> <span class='ocrx_word' id='word_1_429' title='bbox 1269 4659 1382 4710; x_wconf 75' lang='lat' dir='ltr'>aruntis</span> <span class='ocrx_word' id='word_1_430' title='bbox 1399 4659 1515 4712; x_wconf 75' lang='lat' dir='ltr'>narratio</span> 
     </span>
     <span class='ocr_line' id='line_1_42' title="bbox 165 4741 1465 4813; baseline 0.002 -18"><span class='ocrx_word' id='word_1_431' title='bbox 165 4743 255 4796; x_wconf 81' lang='lat' dir='ltr'>iliosis</span> <span class='ocrx_word' id='word_1_432' title='bbox 272 4743 313 4811; x_wconf 86' lang='grc'>55,</span> <span class='ocrx_word' id='word_1_433' title='bbox 327 4743 359 4794; x_wconf 81' lang='grc'>29</span> <span class='ocrx_word' id='word_1_434' title='bbox 377 4741 410 4795; x_wconf 84' lang='grc' dir='ltr'>ο1.</span> <span class='ocrx_word' id='word_1_435' title='bbox 428 4743 470 4812; x_wconf 83' lang='grc'>30,</span> <span class='ocrx_word' id='word_1_436' title='bbox 488 4743 596 4797; x_wconf 83' lang='lat' dir='ltr'>mulne</span> <span class='ocrx_word' id='word_1_437' title='bbox 614 4762 678 4813; x_wconf 79' lang='lat' dir='ltr'>quse</span> <span class='ocrx_word' id='word_1_438' title='bbox 695 4747 726 4798; x_wconf 93' lang='lat' dir='ltr'>de</span> <span class='ocrx_word' id='word_1_439' title='bbox 744 4745 921 4799; x_wconf 76' lang='lat' dir='ltr'>liboemetelcs</span> <span class='ocrx_word' id='word_1_440' title='bbox 940 4745 1005 4813; x_wconf 76' lang='lat' dir='ltr'>apud</span> <span class='ocrx_word' id='word_1_441' title='bbox 1023 4753 1154 4812; x_wconf 75' lang='lat' dir='ltr'>suumque</span> <span class='ocrx_word' id='word_1_442' title='bbox 1172 4753 1303 4799; x_wconf 84' lang='lat' dir='ltr'>auctorem</span> <span class='ocrx_word' id='word_1_443' title='bbox 1320 4753 1465 4798; x_wconf 69' lang='lat' dir='ltr'>amantur.</span> 
     </span>
    </p>
   </div>
   <div class='ocr_carea' id='block_1_6' title="bbox 0 0 1768 5417">
    <p class='ocr_par' dir='ltr' id='par_1_7' title="bbox 0 0 1768 5417">
     <span class='ocr_line' id='line_1_43' title="bbox 0 0 1768 5417; baseline 0 1"><span class='ocrx_word' id='word_1_444' title='bbox 0 0 1768 5417; x_wconf 95' lang='lat' dir='ltr'> </span> 
     </span>
    </p>
   </div>
  </div>
 </body>
</html>
