3525 5417
218 229 260 293 56
821 221 874 288 111,
896 223 964 277 1-6

217 426 284 468 rurn
315 425 374 467 non
405 405 466 467 sint
491 405 547 467 nisi
577 405 709 485 ipsorum
740 402 873 483 equiturn
897 401 1002 477 duces,
1032 404 1095 466 beri
1117 424 1177 467 non
1199 415 1305 488 potest,
1332 408 1403 488 quin
1426 408 1514 471 etiam
1537 410 1576 470 ad

219 511 328 572 seviros
350 509 391 571 illi
413 509 561 590 principes
582 506 799 588 quodammodo
826 506 1024 587 pertinuerint
1051 517 1081 570 et
1107 508 1185 570 inter
1211 529 1261 572 eos
1288 512 1476 591 potissimum
1499 513 1576 574 cmi-

219 614 348 675 nuerint.
391 612 492 693 Neque
519 612 583 675 eius
605 610 819 674 coniunctionis
839 619 1012 690 argumenta
1036 610 1183 686 deliciunt,
1206 623 1286 676 recte
1308 615 1448 696 explicata
1465 637 1482 678 a
1497 616 1577 678 blar-

219 716 354 799 quardtio
376 715 458 797 (hist.
474 735 519 795 eq.
535 736 563 797 p.
580 714 643 791 76).
687 715 729 776 lta
752 714 879 776 Zonaras
901 715 947 775 vel
968 715 1066 798 potius
1088 714 1142 778 llio
1163 716 1227 778 loco
1253 717 1341 781 modo
1364 719 1459 783 adlato
1479 719 1579 800 iungit

220 821 416 901 principatum
445 818 606 882 iuventutis
636 827 667 880 et
694 817 853 880 seviratum
881 827 1010 893 turmae3
1038 819 1078 882 ita
1105 819 1143 882 Μ.
1159 820 1310 883 Aurelium
1332 824 1484 886 Gaesarem
1507 841 1578 887 cum

220 923 274 985 Ilio
297 926 346 998 71,
370 923 410 984 35
438 923 546 985 scribat
568 929 717 1002 tamquam
740 920 905 1002 principem
927 921 1071 1002 equestris
1095 923 1205 986 ordinis
1229 921 1419 1008 (πρόκριτον
1439 927 1495 1009 τῆς
1519 923 1580 990 ἱπ-

221 1022 342 1107 πάδος)
364 1045 434 1089 cum
457 1025 577 1108 reliquis
599 1023 747 1105 equitibus
769 1025 1060 1108 pompsmlduuisse,
1084 1026 1261 1110 biographus
1284 1029 1347 1092 eius
1370 1031 1430 1092 cli
1454 1030 1577 1094 eandem

221 1130 285 1192 sine
307 1131 396 1193 dubio
417 1150 480 1193 rem
505 1130 547 1192 sic
569 1130 653 1190 etlert
667 1127 795 1190 sevirum
818 1147 887 1190 eum
911 1137 1040 1192 creatum
1064 1149 1129 1192 csse
1151 1131 1258 1192 turmis
1277 1131 1411 1211 equitum
1426 1130 1580 1194 Romano-

222 1253 299 1296 rum.
338 1236 435 1308 Quare
455 1233 603 1315 principes
625 1231 786 1293 iuventutis
808 1231 911 1293 aetatis
933 1231 1138 1314 imperatoriae
1159 1233 1349 1315 probabiliter
1369 1244 1541 1316 repetentur
1563 1256 1581 1298 a

133 1344 137 1352 “
224 1338 326 1400 sericis
348 1338 405 1399 illis
427 1333 681 1416 vetustissimis1).
717 1325 839 1415 Equites
861 1344 960 1398 autem
982 1334 1115 1420 Romani·
1130 1337 1281 1399 turmatim
1302 1338 1429 1402 ordinati
1443 1339 1582 1402 videntur

222 1442 317 1504 tuisse
345 1442 527 1522 singulisque
553 1439 660 1502 turmis
682 1457 807 1501 numero
829 1438 1040 1521 quinquaginta
1062 1449 1201 1519 quattuor
1223 1441 1384 1522 praefuisse
1406 1444 1582 1507 decuriones

224 1545 300 1608 terni
326 1553 356 1607 et
382 1544 516 1626 optiones
541 1544 631 1616 terni,
658 1542 710 1623 qui
736 1551 808 1605 sunt
831 1543 891 1624 ipsi
917 1543 960 1604 illi
986 1542 1072 1604 senui
1101 1543 1582 1620 tv.hist.Rom.meae.vol.1⁷

225 1670 254 1731 p.
271 1647 362 1727 186);
390 1647 467 1710 unde
494 1647 544 1728 qui
573 1646 890 1710 honorificentissimus
916 1647 998 1708 locus
1025 1655 1088 1708 erat
1116 1645 1147 1708 in
1177 1647 1279 1710 ordine
1308 1650 1438 1729 equestri
1468 1653 1583 1732 primae

229 1763 343 1814 turmae
374 1751 466 1813 trium
495 1750 698 1825 decurionum,
721 1769 789 1812 curn
812 1751 949 1813 ridentur
971 1769 1128 1832 occupasse
1149 1752 1238 1815 Gaius
1261 1763 1291 1814 et
1312 1751 1420 1816 Lucius
1442 1753 1582 1817 Caesares

226 1855 389 1935 reliquique
417 1853 564 1936 principes
592 1853 762 1917 iuventutis.
811 1853 885 1916 Nam
915 1855 1013 1936 plures
1041 1851 1131 1917 simul
1154 1855 1299 1939 principes
1332 1856 1494 1920 iuventutis
1516 1877 1583 1920 esse

226 1958 358 2040 potuisse
379 1959 584 2021 demonstrant
604 1967 664 2020 tam
686 1957 742 2039 ipsi
764 1959 800 2020 de
821 1958 930 2039 quibus
945 1958 1058 2039 agimus
1074 1977 1163 2038 quarn
1178 1970 1278 2040 postea
1293 1960 1457 2042 imperante
1470 1962 1584 2043 Vespa·

227 2065 311 2124 siano
333 2061 470 2124 Caesares
492 2061 576 2124 'litus
599 2071 629 2125 et
650 2061 843 2125 Domitianus.
885 2061 987 2124 Fuisse
1010 2071 1108 2125 eutem
1132 2082 1182 2125 eos
1204 2065 1230 2125 si
1251 2083 1310 2126 non
1334 2073 1403 2140 tres,
1427 2073 1525 2127 umen
1547 2085 1585 2126 ex

229 2164 335 2240 tribus,
358 2166 488 2228 ostendit
509 2166 636 2247 scriptor
656 2166 731 2228 vitae
747 2165 901 2257 Comqui
914 2185 940 2228 c.
958 2168 993 2228 1:
1016 2177 1161 2248 cooptatus
1175 2177 1215 2231 est
1229 2171 1304 2232 inter
1317 2179 1374 2230 tres
1387 2168 1461 2232 solos
1476 2168 1585 2248 (immo

230 2507 277 2558 que
295 2491 439 2543 inventutis
458 2506 516 2543 esse
538 2491 669 2543 desineret
690 2507 795 2544 necesse
818 2501 887 2558 erat3
910 2493 985 2560 idque
1007 2509 1069 2545 vere
1093 2493 1130 2544 ita
1148 2493 1266 2544 evenisse
1289 2493 1359 2544 clare
1378 2494 1491 2545 ostendit
1508 2508 1586 2544 arcus

230 2581 376 2632 Ticineasis
395 2582 432 2645 (C.
445 2581 476 2634 V.
494 2580 573 2647 otro)
590 2565 720 2631 dedicatus
743 2577 808 2630 Gaio
830 2586 857 2631 et
874 2579 954 2631 Lucio
978 2587 1159 2647 postmortem
1177 2580 1310 2645 utriusque
1330 2588 1356 2630 et
1374 2596 1423 2630 non
1441 2580 1523 2646 illum,
1541 2581 1586 2646 qni

231 2668 298 2718 diem
319 2665 421 2718 functus
440 2674 480 2718 est
497 2667 650 2730 consularis,
668 2667 714 2719 sed
731 2666 796 2717 bunc
808 2666 900 2729 solum,
918 2666 960 2732 qui
973 2680 1050 2732 eques
1063 2663 1187 2716 Romanus
1201 2664 1273 2728 obiit,
1292 2665 1430 2731 principem
1442 2665 1587 2717 iuventutis

231 2753 368 2819 appellans.
409 2753 479 2819 Quod
501 2761 675 2818 argumentum
693 2753 816 2820 quomodo
834 2750 1006 2816 subterfugiat
1023 2750 1143 2816 lioclrius,
1162 2749 1260 2802 referre
1279 2752 1440 2818 supersedeo.
1468 2750 1587 2803 Adoreus

232 2847 314 2888 autem
332 2839 424 2890 titulos
442 2855 491 2890 noa
510 2855 612 2907 paucos,
630 2840 671 2906 qni
690 2839 718 2890 C.
731 2839 835 2890 Caesari
852 2838 929 2889 etiam
948 2846 1006 2905 post
1022 2841 1142 2889 honorem
1160 2837 1366 2904 proconsularem
1384 2838 1500 2903 adeptum
1513 2839 1586 2904 prin-

232 2925 341 2991 cipatum
361 2926 504 2978 iuuentutis
522 2925 682 2994 adscribunt„
695 2933 723 2976 et
739 2925 772 2975 iis
791 2926 943 2978 sententiam
961 2926 1033 2976 illam
1051 2932 1123 2976 retus
1142 2921 1238 2990 refelli,
1263 2939 1316 2974 rem
1335 2925 1365 2974 de
1384 2939 1431 2990 qua
1449 2924 1586 2989 agiturne

232 3011 273 3063 bic
291 3011 389 3077 quidem
401 3013 540 3079 perspexit.
568 3011 632 3064 Nam
643 3013 754 3063 honores
772 3012 849 3062 etiam
867 3013 998 3078 depositos
1010 3011 1083 3064 tituli
1101 3011 1179 3075 vulgo
1193 3009 1326 3061 enuntiant
1343 3024 1423 3076 neque
1436 3010 1503 3077 inde,
1520 3011 1587 3076 qnod

232 3097 371 3164 principem
393 3097 537 3149 inventutis
563 3113 619 3149 enm
647 3105 704 3165 post
729 3106 837 3149 mortem
863 3097 1006 3166 appellant,
1032 3098 1087 3149 ullo
1113 3097 1186 3148 modo
1214 3094 1325 3148 eflicitur
1353 3111 1408 3147 eum
1434 3097 1587 3149 morientem

233 3199 289 3235 enm
307 3185 390 3235 locum
414 3183 568 3250 obtinuisse,
593 3191 621 3234 ut
644 3199 700 3236 eum
718 3185 845 3236 consulem
863 3183 1020 3253 appellantes
1039 3201 1088 3236 non
1106 3184 1186 3247 magis
1205 3190 1299 3248 negant
1316 3181 1411 3234 obiisse
1429 3190 1488 3249 post
1504 3181 1588 3234 fasces

235 3272 373 3338 depositos.
415 3271 465 3321 Sed
492 3272 587 3338 equitis
615 3270 721 3322 Romani
750 3272 867 3322 condicio
897 3272 945 3322 hoc
971 3271 1101 3338 proprium
1127 3270 1217 3335 habet,
1243 3269 1308 3336 quod
1338 3269 1380 3334 qui
1409 3283 1441 3322 cx
1472 3271 1589 3336 equestri

236 3359 324 3408 ordine
341 3357 372 3409 ad
392 3358 548 3409 senatorium
566 3366 750 3425 pervenerunt,
768 3358 811 3424 qni
829 3353 923 3408 solitus
942 3366 982 3409 cst
1000 3359 1121 3409 bonorum
1141 3357 1203 3408 ordo
1221 3359 1286 3424 apud
1304 3355 1444 3422 Romanos,
1456 3357 1511 3407 ‘uno
1530 3357 1588 3408 solo

235 3444 352 3511 exemplo
371 3451 476 3511 excepto
495 3445 533 3507 (C.
546 3444 588 3508 Vl,
603 3444 679 3512 1421)
697 3445 791 3512 equitis
808 3443 914 3496 Romani
933 3444 1057 3496 vocabulo
1077 3443 1205 3495 abstinent
1223 3457 1301 3510 neque
1319 3443 1404 3494 cursui
1421 3443 1543 3494 honorum
1560 3444 1589 3494 id

235 3532 359 3581 inserunt.
395 3529 423 3580 ld
448 3531 530 3597 ipsum
551 3531 683 3583 severiore
705 3531 763 3596 lege
789 3532 865 3582 etiam
888 3529 920 3581 ad
942 3531 1110 3598 principatum
1133 3531 1276 3582 iuventutis
1298 3530 1453 3597 pertinuisse
1471 3545 1503 3580 ex
1526 3545 1589 3581 arcu

235 3617 366 3669 Ticinensi
384 3617 547 3682 intellegitur
559 3634 640 3685 neque
651 3618 710 3670 inde
721 3617 777 3669 ullo
788 3619 861 3668 modo
873 3615 1033 3680 infringitur,
1049 3618 1114 3683 quod
1126 3633 1206 3684 prona
1218 3617 1330 3668 adulatio
1343 3624 1370 3668 et
1381 3616 1515 3668 remissior
1527 3633 1589 3668 usus

237 3713 335 3756 mature
357 3711 499 3770 equestrem
520 3704 690 3771 principatum
709 3706 741 3756 ab
759 3705 849 3756 ordine
866 3706 990 3756 bonorum
1008 3703 1098 3757 abesse
1117 3705 1207 3756 noluit.
1241 3702 1389 3755 Posteriore
1407 3710 1491 3754 aetate
1508 3704 1591 3769 ipsam

236 3791 316 3853 legem
338 3789 410 3842 illam
434 3790 608 3842 oblitteratam
632 3805 689 3843 esse
712 3799 739 3843 et
764 3792 932 3858 principatum
954 3792 1097 3843 iuventutis
1120 3791 1176 3855 geri
1198 3806 1247 3841 nou
1271 3789 1379 3842 desitum
1397 3797 1455 3856 post
1471 3790 1591 3857 adeptum

236 3877 320 3927 locum
338 3876 494 3928 senatorium
511 3877 619 3944 primum
636 3878 663 3928 in
683 3878 826 3929 Domitiano
845 3883 950 3944 apparet
969 3885 995 3928 et
1013 3876 1129 3944 deinceps
1148 3876 1250 3928 mansit.

336 3963 359 4026 ¹)
382 3962 431 4028 Qui
453 3963 515 4014 laec
535 3963 585 4014 sibi
608 3979 687 4029 nuper
709 3963 842 4016 refutanda
864 3964 973 4031 sumpsit
995 3965 1061 4016 idem
1080 3961 1191 4015 Koclrius
1210 3964 1228 4015 l.
1247 3981 1268 4015 c.
1282 3979 1305 4031 p.
1319 3965 1350 4014 10
1369 3978 1419 4031 seq.
1438 3964 1591 4016 senteutiam

237 4065 316 4100 meam
338 4057 367 4100 nt
379 4057 510 4102 everteret
532 4052 671 4117 pervertit:
693 4066 772 4118 neque
799 4052 865 4101 enim
888 4051 936 4101 boc
957 4049 1010 4101 diui
1033 4051 1137 4101 eundem
1161 4065 1218 4101 esse
1240 4051 1352 4102 sevirum
1372 4051 1482 4118 equiturn
1500 4052 1592 4102 lloma·

238 4153 326 4188 norum
347 4145 374 4188 et
393 4137 531 4205 principem
552 4138 708 4202 iuventutis,
733 4138 777 4189 sed
797 4137 957 4189 coniunctum
981 4135 1060 4188 luisse
1081 4143 1214 4202 utrumque
1239 4137 1369 4188 bonorem.
1408 4136 1514 4202 Scilicet
1535 4155 1592 4190 cum

240 4225 321 4274 sevini
344 4231 495 4290 praeessent
512 4224 595 4275 ordini
614 4225 741 4290 equestri,
764 4224 882 4290 princeps
901 4231 984 4274 autem
1003 4223 1142 4275 inventutis
1160 4223 1220 4274 item
1238 4222 1343 4290 primum
1361 4224 1443 4275 locum
1463 4223 1594 4275 obtineret

239 4309 307 4360 inter
331 4309 429 4360 nobiles
452 4307 576 4361 Romanos
600 4311 707 4362 nendum
730 4311 831 4362 senatui
857 4311 1012 4378 adscriptos,
1044 4310 1190 4361 necessario
1215 4311 1332 4376 sequitur
1356 4310 1461 4360 eundem
1485 4310 1593 4378 primum

241 4395 324 4446 locum
343 4396 410 4446 inter
429 4397 529 4447 saviros
549 4396 703 4461 obtinuisse,
722 4396 797 4463 idque
814 4397 895 4463 ipsum
914 4397 965 4446 loci
985 4411 1060 4463 supra
1078 4395 1154 4447 allati
1172 4396 1246 4463 plane
1264 4395 1421 4460 confirmant,
1440 4398 1593 4463 praesertim

241 4481 375 4532 secundus.
411 4481 475 4534 Nam
498 4483 615 4550 princeps
638 4483 781 4535 iuventutis
798 4482 853 4534 sive
871 4473 1017 4554 πρόκριτος
1034 4481 1081 4546 τῆς
1097 4474 1223 4548 νεότητος
1241 4491 1268 4533 et
1285 4482 1355 4533 sevir
1373 4483 1485 4549 equitum
1502 4481 1593 4535 lloma·
1684 4542 1688 4550 ,
1744 4493 1745 4510 ’

241 4584 342 4633 norum,
364 4569 430 4621 alias
452 4569 528 4636 Dioni
545 4571 688 4637 appellatus
705 4565 857 4640 φύλαρχος,
874 4578 962 4637 aperte
980 4570 1017 4621 ibi
1035 4570 1193 4634 coaluerunt,
1215 4575 1244 4619 ut
1262 4569 1299 4620 ita
1317 4569 1433 4635 prodiret
1450 4561 1595 4642 πρόκριτος

165 4663 169 4673 “
239 4657 285 4722 τῆς
302 4646 432 4714 ἱππάδος.
