3525 5417
1454 319 1520 373 XIX

167 494 289 554 rundam
307 494 521 555 Germanorum
544 494 594 573 qui
617 492 758 556 adiissent
778 495 923 575 Ancyram
946 516 971 556 a.
990 496 1070 557 1586
1086 496 1313 576 exemplumque
1329 496 1406 558 tituli
1429 497 1520 558 obtu-

165 597 268 658 lissent
290 596 465 659 Leunclario
488 596 586 658 minus
602 598 749 677 integrum
762 598 950 659 Verantiano:
975 604 1217 679 ‘corrumpuntur
1232 598 1310 660 enim
1328 600 1379 677 (ita
1392 599 1519 670 Clusius)

165 698 294 777 quotidie
324 698 488 761 tabularum
518 700 699 761 characteres
722 700 883 761 Turcarum
912 700 1040 762 militum
1062 702 1228 774 insolentia,
1257 702 1427 782 praesertim
1452 721 1520 763 curn

166 802 346 864 Christianos
377 822 426 863 eas
453 803 660 883 inscriptiones
687 803 820 884 excipere
847 803 1046 883 conspiciunt,
1072 805 1150 884 quod
1181 804 1259 867 binis
1288 804 1345 867 illis
1372 804 1521 869 nobilibus

166 906 319 967 Germanis
342 905 465 967 accidit'
502 906 561 967 llae
584 926 679 986 nugae
701 917 785 979 sunt3
808 926 875 968 nam
900 906 992 968 exiis
1014 926 1089 986 quae
1104 908 1140 968 de
1156 907 1289 987 exemplo
1306 908 1520 969 Germanorum

164 1007 282 1070 illorum
298 1008 415 1070 Clusius
437 1009 530 1081 allert,
552 1008 732 1089 intellegitur
753 1028 803 1073 eos
826 1028 886 1071 non
908 1009 1034 1090 lapidem
1058 1010 1256 1091 descripsisse,
1279 1010 1329 1071 sed
1353 1011 1520 1091 exemplum

165 1110 402 1190 Busbequianum
431 1111 571 1174 obtulisse
594 1112 777 1175 Leunclavio.
801 1148 843 1155 —
865 1114 1009 1174 Gruterus
1031 1111 1198 1173 ssu-233
1220 1114 1251 1174 in
1273 1113 1352 1174 ed.1
1377 1114 1523 1195 expressit

165 1212 309 1293 Lipsium.

265 1352 297 1431 6)
326 1352 491 1413 Leunclarii
518 1352 548 1414 in
570 1353 721 1432 pandectis
743 1353 812 1415 hist.
836 1354 921 1415 Ture
947 1354 1144 1432 (Francolurti
1169 1352 1264 1433 1588)
1285 1373 1314 1434 p.
1331 1353 1448 1435 205sq.
1494 1356 1521 1416 ls

163 1454 331 1533 exemplum
354 1464 505 1536 acceptum
528 1460 618 1518 refert
640 1458 741 1519 Cereio
764 1457 863 1519 Clusio
885 1465 915 1518 et
936 1476 989 1537 per
1011 1459 1091 1519 hunc
1112 1456 1240 1519 dntonio
1262 1457 1408 1520 Verantio.

267 1593 301 1671 7)
331 1592 400 1655 Cod.
418 1594 567 1656 Leidensis
590 1596 827 1658 Burmsuoianus
850 1596 875 1669 Q
899 1596 918 1657 6
946 1595 1024 1657 idem
1048 1596 1213 1676 exemplum
1237 1596 1355 1658 exhibet
1377 1597 1430 1658 ‘ab
1451 1597 1519 1658 dut.

162 1696 329 1775 Augustino
363 1716 388 1757 v.
411 1718 437 1759 c.
465 1698 600 1760 nonnihil
628 1698 823 1761 instauratum
833 1696 848 1759 ’.
901 1698 1055 1778 Specimen
1082 1698 1205 1780 apposui
1227 1718 1263 1759 ex
1284 1698 1388 1779 pagina
1409 1698 1521 1779 prima:

161 1786 246 1877 rieul]
264 1822 288 1880 q.
304 1801 407 1881 [pardi]
421 1800 460 1862 M.
478 1802 611 1879 [Antonii]
626 1803 819 1882 [actionnibus]
833 1820 996 1881 oppressam
1010 1806 1041 1863 iu
1057 1804 1211 1865 libertatern
1228 1802 1380 1875 uindicaui,
1405 1802 1520 1881 [petere]

163 1903 282 1965 decretis
302 1904 465 1983 honorificas
486 1905 615 1967 ordinem
638 1910 792 1979 [summum
811 1906 947 1986 parnassi.

265 2042 403 2123 Exempla
427 2043 629 2122 Bushequiana
654 2064 793 2107 versuum
817 2045 951 2107 ordinem
974 2064 1034 2106 non
1057 2044 1186 2105 retinent
1208 2042 1279 2123 (nisi
1301 2043 1381 2122 quod
1403 2042 1520 2103 Belsum

162 2144 191 2204 in
217 2146 322 2224 pagina
346 2146 430 2207 tertia
452 2166 555 2209 vorsus
577 2146 746 2209 distinxisse
768 2148 853 2209 lineis
876 2148 963 2211 rectis
987 2156 1016 2209 et
1039 2145 1207 2207 subnotatio
1230 2145 1315 2207 docet
1337 2153 1366 2206 et
1387 2164 1461 2223 quas
1487 2164 1522 2205 ex

161 2244 249 2306 lineis
284 2246 340 2309 illis
374 2248 538 2327 relinquere
570 2249 679 2329 placuit
710 2251 840 2330 librario)
869 2252 1065 2329 videnturque
1095 2249 1272 2309 descendere
1301 2248 1337 2310 ab
1365 2248 1522 2328 archetypo

162 2348 340 2411 minusculis
362 2352 489 2431 scripto;
512 2362 589 2415 certe
606 2353 707 2415 Belsus
732 2356 839 2427 ‘uoto',
862 2355 967 2434 inquit,
991 2354 1103 2415 ‘omniu
1121 2352 1190 2413 doec
1205 2356 1345 2431 utrimque
1359 2352 1523 2412 maiusculis

160 2454 252 2532 fuisse
282 2464 405 2517 esoroto
432 2454 532 2517 litteris
561 2466 588 2517 et
615 2457 716 2538 ubique
736 2459 881 2537 paraecialis
902 2460 1058 2519 intersertis
1079 2466 1141 2535 post
1161 2456 1257 2516 uerbo.
1287 2473 1310 2515 0
1332 2471 1399 2515 uero
1420 2454 1523 2533 ubique

158 2574 265 2635 porco,
288 2576 307 2615 r
329 2568 423 2619 autern
445 2558 546 2639 ulique
567 2578 672 2639 unoquo
693 2560 800 2639 fuere)
838 2561 879 2621 Ex
902 2560 993 2622 simili
1014 2567 1082 2620 nota
1103 2556 1236 2638 procedit
1249 2556 1327 2636 quod
1342 2556 1373 2617 in
1388 2555 1522 2636 exemplo

162 2657 304 2720 Clusiano
327 2659 421 2722 littera
445 2679 467 2722 o
490 2654 607 2743 sem'per
628 2672 671 2724 est
691 2667 785 2725 forma
801 2664 924 2738 minuta,
948 2670 1115 2743 rperpetuo
1130 2660 1236 2721 lineam
1252 2659 1374 2731 excedit,
1397 2658 1523 2737 denique

161 2760 278 2823 litterae
301 2762 430 2843 capitum
453 2764 565 2844 primae
595 2785 726 2845 quaeque
750 2786 837 2847 supra
860 2785 979 2828 versum
1003 2766 1143 2828 eminent.
1187 2764 1298 2825 Eorum
1319 2763 1522 2842 exemplorum

162 2882 231 2925 cum
257 2864 344 2926 hodie
368 2865 476 2927 utilitas
499 2868 546 2929 vix
569 2869 624 2930 ulla
648 2869 694 2942 sit,
718 2870 869 2932 discedant
890 2879 989 2931 autem
1013 2886 1189 2947 magnopere
1205 2886 1221 2928 a
1236 2865 1406 2927 melioribus
1421 2873 1521 2945 postea

163 2966 260 3039 laetis,
284 2967 393 3047 placuit
414 2988 506 3031 unum
531 2990 566 3032 ex
587 2971 633 3044 iis,
657 2973 736 3052 quod
760 2972 880 3052 reliquis
903 2972 1000 3053 paullo
1022 2979 1151 3051 praestat
1174 2969 1225 3043 lita
1242 2967 1270 3042 3,
1294 2968 1345 3029 29.
1368 2966 1521 3029 susorum

162 3088 231 3131 eum
259 3070 392 3133 Belsiano
414 3082 511 3135 serrat
539 3074 677 3136 rocsbula
703 3094 849 3137 suessanus
877 3081 1073 3147 constemus),
1107 3072 1218 3134 scilicet
1244 3071 1351 3132 codicis
1374 3069 1523 3131 Vindobo-

162 3172 267 3233 nensis
288 3172 418 3254 primum
443 3176 540 3250 (nobis
569 3177 619 3255 V),
642 3178 698 3239 hoc
720 3178 784 3239 loco
806 3178 955 3258 integrum
977 3177 1114 3238 exhibere
1137 3184 1237 3236 nostra
1259 3193 1345 3235 causa
1361 3173 1397 3234 ad
1412 3172 1520 3233 librum

163 3274 309 3355 scriptum
326 3277 509 3356 recognitum
525 3297 594 3340 cura
611 3280 781 3341 Schneideri
795 3281 832 3342 ab
847 3280 919 3342 actis
935 3281 1030 3341 musei
1047 3276 1289 3350 vindobonensis,
1312 3275 1422 3337 adiecta
1445 3274 1522 3335 varia

162 3378 290 3439 lectione
312 3380 425 3459 potiore
447 3382 572 3461 exempli
594 3382 725 3444 eiusdem
748 3382 856 3444 codicis
880 3382 959 3445 tertii
979 3381 1077 3461 (nobis
1092 3386 1133 3456 o),
1155 3379 1318 3459 quodcum
1335 3377 1436 3439 multis
1450 3377 1523 3437 locis

163 3489 282 3559 peccet,
312 3492 409 3543 mmen
438 3484 486 3545 hic
512 3484 570 3546 illic
596 3494 626 3547 et
652 3484 750 3566 ipsum
781 3485 875 3546 solnm
906 3504 1009 3546 verum
1040 3483 1173 3546 servarit
1222 3482 1399 3561 liedegimus
1429 3480 1458 3540 id
1486 3478 1522 3539 ad

163 3583 317 3662 antiquam
341 3604 480 3648 versuum
503 3592 638 3661 sormam,
663 3596 695 3649 ut
717 3588 829 3649 facilius
845 3597 1072 3668 compararetur.
1103 3587 1136 3647 lu
1152 3586 1260 3647 variam
1276 3583 1431 3646 lectionem
1447 3582 1522 3642 infra

165 3687 346 3766 propositam
369 3688 437 3750 inde
459 3708 519 3751 non
541 3688 628 3751 intuli
649 3690 706 3751 nisi
729 3692 834 3752 selecta
856 3691 1009 3770 quaedam.

1740 365 1743 432 ι

1739 469 1743 558 l
