3525 5417
291 375 333 438 20
891 369 914 438 1,
934 371 1039 424 os-el

286 551 383 613 eodem
402 554 434 611 ta
458 548 595 629 Capitolio
618 552 667 625 tr.)
696 549 735 610 ad
762 548 870 610 eosdem
898 548 971 622 deos,
1000 550 1102 630 petbus
1126 559 1192 612 coto
1217 553 1409 631 nuncupauit,
1439 553 1542 612 mente
1565 549 1642 610 dono

283 665 404 734 portans
434 654 519 714 redit.
564 652 736 732 Obsequens
762 671 787 713 c.
809 652 866 714 61:
903 652 932 714 Ο.
956 652 1094 716 Antonius
1121 670 1234 733 procos.
1262 672 1327 715 cam
1485 652 1643 715 datilbaum

247 837 249 842 ³
288 759 438 830 devicisset,
462 757 605 818 laureatos
625 757 719 836 fasces
747 759 779 817 in
797 759 976 835 prosdocium
998 757 1076 818 tuto:
1098 755 1139 818 obi
1158 775 1176 818 o
1197 755 1345 818 Dardanis
1367 774 1515 838 oppressus
1537 760 1641 818 cucuso

285 864 412 922 sacrm
439 860 584 940 profugia
622 862 755 940 appareo
786 878 851 920 eum
882 859 1006 920 bessibus
1032 859 1207 940 portendisse
1234 863 1391 932 udonem,
1424 879 1489 921 oum
1522 858 1561 919 od
1595 875 1642 920 eos

170 967 175 977 '
285 963 403 1026 lacuum
431 966 574 1026 uictricem
600 961 710 1034 cume,
738 981 819 1042 qoem
841 966 872 1024 io
897 961 1033 1042 Capitolio
1054 961 1191 1024 debuerat
1212 964 1358 1044 deponere.
1403 963 1526 1036 Laurus,
1549 981 1639 1042 quam

285 1067 378 1129 victor
403 1067 434 1127 in
461 1067 565 1129 urbem
588 1064 703 1126 rediens
725 1063 785 1126 lovi
806 1068 872 1139 lert,
897 1073 926 1127 et
948 1065 1052 1146 palma,
1075 1083 1162 1146 quam
1190 1065 1387 1146 triumphator
1406 1066 1501 1129 eidem
1522 1064 1640 1126 numini

284 1171 335 1233 dat
356 1169 538 1251 (blarquardt
559 1167 829 1249 Stcutsoenooltuop
850 1168 879 1243 2,
904 1169 988 1248 569),
1012 1171 1051 1231 ita
1077 1170 1249 1231 coniunctae
1271 1178 1349 1243 sunt,
1377 1179 1412 1232 ut
1432 1169 1480 1230 illa
1501 1168 1538 1230 ad
1559 1168 1641 1230 anti-

283 1273 417 1354 quiorem
453 1281 483 1335 et
514 1271 669 1352 aliquando
703 1271 826 1333 ducibus
860 1271 999 1334 omnibus
1025 1290 1212 1334 communem
1241 1271 1378 1334 victoriae
1411 1270 1639 1334 celebrationem

283 1377 440 1457 pertineat,
471 1377 543 1436 baec
568 1374 833 1454 triumphatoribus
858 1385 1004 1437 reservata
1030 1375 1065 1437 ad
1091 1376 1250 1456 augendam
1278 1375 1473 1437 sollemnioris
1500 1375 1640 1436 victoriae

283 1499 422 1560 pompam
444 1486 545 1559 postea
567 1479 607 1540 ita
628 1477 739 1538 adiecta
761 1477 808 1551 sit,
832 1486 865 1540 ut
886 1479 986 1540 laurus
1008 1497 1124 1560 quoque
1146 1477 1235 1540 simul
1258 1478 1398 1541 tradatur.
1431 1478 1473 1539 lle
1494 1478 1549 1540 bac
1564 1496 1640 1539 con-

283 1583 447 1657 suetudine,
470 1581 555 1644 cuius
578 1581 754 1642 documenta
777 1582 869 1643 multa
892 1590 992 1644 ertum
1013 1581 1055 1662 (v.
1071 1580 1242 1644 Staotscecbt
1267 1578 1301 1642 1²
1316 1602 1344 1662 p.
1360 1582 1410 1643 61.
1428 1581 1491 1658 96),
1513 1599 1575 1642 non
1591 1589 1640 1642 est

282 1689 360 1766 quod
383 1687 439 1747 hoo
460 1685 524 1747 loco
547 1702 684 1763 agamus3
705 1684 762 1744 boo
780 1684 979 1764 quaerendum
996 1695 1049 1758 est,
1064 1685 1251 1765 imperatoria
1266 1694 1359 1746 aetate
1374 1685 1446 1746 haec
1460 1683 1640 1746 caerimonia

283 1799 428 1869 quatenus
455 1787 596 1850 manserit
622 1795 770 1849 mantare
798 1786 845 1848 sit.
890 1788 963 1849 Nam
993 1807 1061 1849 cum
1085 1796 1144 1850 tota
1172 1788 1285 1851 nitatur
1313 1788 1500 1868 magistratus
1527 1787 1572 1849 itu
1601 1787 1640 1848 ad

282 1894 392 1955 bellum
423 1892 591 1972 redituque,
625 1890 688 1951 iure
719 1891 884 1969 quaeritur,
918 1899 1018 1952 utrum
1049 1891 1194 1954 eiusmodi
1222 1891 1317 1954 exitus
1347 1891 1435 1953 etiam
1461 1892 1516 1953 bac
1542 1899 1640 1952 aetate

282 1996 441 2076 requisitus
464 1996 503 2057 sit
523 2013 561 2056 au
582 1995 683 2056 laurus
706 1993 814 2073 deponi
828 1994 959 2072 potuerit
973 1993 1003 2054 in
1019 1993 1159 2074 Capitolio
1175 1993 1306 2076 principe
1320 1995 1352 2057 in
1368 1995 1440 2056 urbe
1455 2005 1593 2056 manente
1608 2003 1641 2054 et

282 2118 335 2182 per
356 2099 466 2180 legatos
488 2117 549 2160 rem
565 2108 692 2177 gerente.
729 2095 767 2157 Et
780 2097 931 2175 Augustus
947 2095 1066 2176 quidem
1081 2095 1112 2157 ni
1128 2097 1211 2159 lallor
1225 2098 1375 2178 antiquam
1391 2099 1639 2161 consuetudinem

282 2201 420 2275 servavit3
442 2219 510 2263 nam
534 2199 590 2261 etsi
612 2219 687 2280 quae
708 2197 740 2260 in
761 2199 857 2261 indice
879 2199 981 2261 scribit
1002 2201 1126 2262 tortasse
1148 2200 1237 2262 etiam
1260 2201 1323 2263 sine
1345 2202 1524 2282 protectione
1543 2201 1639 2282 ipsius

282 2306 402 2385 eogitari
430 2313 570 2386 possunt,
598 2303 780 2366 narrationes
806 2302 908 2364 Dionis
937 2304 1103 2382 Augustum
1132 2305 1302 2366 redeuntem
1331 2324 1367 2366 ex
1389 2304 1488 2367 Galliis
1510 2315 1540 2366 et
1563 2305 1639 2366 Ger-

287 2409 392 2471 maniis
421 2408 634 2470 a.7411ul.5
662 2406 776 2468 laurum
806 2405 977 2486 deposuisse
1004 2405 1035 2466 in
1062 2407 1131 2467 aede
1152 2406 1228 2469 lovis
1256 2407 1409 2488 Capitolini
1432 2408 1495 2481 (54,
1512 2406 1570 2467 25:
1598 2405 1640 2494 τῇ

287 2511 318 2574 d'
346 2508 515 2593 ὑστεραίᾳ,
543 2509 655 2572 reditus
681 2509 804 2582 scilicet,
833 2501 867 2582 ἐς
893 2506 930 2570 τὸ
951 2506 1164 2573 Καπιτώλιον
1192 2506 1343 2575 ἀνελθών
1370 2506 1429 2592 τήν
1450 2532 1485 2572 τε
1507 2507 1641 2594 δάφνην

285 2721 456 2782 redeuntem
484 2718 515 2780 in
542 2718 646 2780 urbem
670 2716 771 2778 Ticino
792 2735 819 2778 a.
836 2717 897 2781 745
924 2715 957 2777 in
978 2716 1047 2778 aede
1068 2716 1144 2779 lovis
1166 2717 1277 2779 leretrii
1298 2717 1361 2797 (55,
1378 2718 1411 2779 5:
1438 2714 1498 2799 τὴν
1520 2712 1641 2797 ἄφιξιν

286 2817 467 2906 ἐποιήσατο
496 2820 552 2882 καὶ
578 2819 636 2904 τήν
658 2818 789 2903 δάφνην
810 2817 844 2893 ἐς
865 2818 924 2882 τοῦ
947 2818 1030 2893 Διὸς
1051 2821 1110 2882 τοῦ
1133 2823 1304 2904 φερετρίου
1327 2813 1420 2901 παρά
1443 2819 1480 2882 τὸ
1503 2815 1641 2902 νομιζό-

286 2947 385 3008 μενον
416 2917 577 3008 ἐσήνεγκε)
610 2943 645 2985 eo
678 2925 791 2986 ducunt
822 2923 854 2984 in
887 2923 982 2984 indice
1014 2943 1131 3004 quoque
1157 2924 1284 3003 intellegi
1311 2931 1377 2985 vota
1403 2931 1573 3001 nuncupata
1601 2921 1639 2982 ab

286 3030 417 3109 Augusto
443 3037 567 3091 exeunte
594 3029 631 3089 ad
657 3027 766 3089 mbum
792 3035 823 3089 et
847 3027 964 3089 laurum
985 3027 1148 3107 depositam
1171 3027 1207 3088 ab
1229 3027 1294 3107 ipso
1315 3025 1347 3087 in
1369 3025 1473 3087 urbem
1495 3024 1640 3086 redeunte

284 3152 352 3195 cum
385 3133 511 3195 fascibus
537 3130 683 3193 laureatis.
730 3129 768 3191 At
797 3139 865 3210 post
890 3130 1055 3209 Augustum
1082 3147 1131 3190 res
1157 3129 1272 3192 videtur
1302 3137 1413 3191 mnata
1439 3147 1513 3190 esse.
1563 3127 1639 3188 Nam

285 3253 462 3317 quamquam
486 3234 565 3316 quod
587 3233 690 3295 scribit
704 3232 816 3294 Plinius
838 3233 932 3294 maior
953 3233 983 3294 b.
999 3252 1028 3294 n.
1049 3233 1097 3306 15,
1113 3231 1162 3306 30,
1181 3232 1256 3294 134:
1285 3231 1411 3312 (laurus)
1431 3233 1524 3311 (esces
1545 3235 1639 3310 impe·

283 3351 415 3404 cuorum
444 3340 571 3402 decorat:
601 3355 639 3399 cc
665 3337 707 3398 bis
736 3341 768 3398 be
794 3341 903 3416 peonio
923 3335 998 3398 locis
1020 3340 1119 3418 optimi
1136 3340 1310 3418 mouimiqoe
1337 3337 1488 3415 deponitur
1508 3338 1639 3416 quotiens

284 3445 421 3506 laetitiam
455 3461 530 3504 novo
561 3445 683 3503 uictoreb
716 3438 828 3513 attulit,
862 3439 992 3518 itemque
1020 3437 1202 3500 narrationes
1233 3436 1426 3500 Suetonianae
1455 3437 1491 3498 de
1520 3435 1639 3498 Nerone

284 3547 322 3628 (c.
340 3546 392 3626 13)
414 3556 445 3608 et
465 3547 501 3606 de
522 3543 688 3606 Domitiano
711 3547 748 3620 (c.
764 3543 798 3606 b:
823 3543 857 3604 de
881 3541 970 3604 Cattis
991 3541 1130 3625 Dotoque
1153 3542 1292 3623 duplicem
1313 3541 1488 3622 triumphum
1509 3545 1579 3622 epit,
1602 3541 1639 3602 de
1754 3549 1755 3566 *

283 3649 424 3712 Somno
451 3649 581 3711 boream
609 3647 692 3708 modo
715 3645 873 3726 Copdolc'oo
903 3644 965 3708 loci
991 3646 1112 3720 rettulit)
1141 3664 1210 3708 oum
1237 3645 1357 3725 antiquo
1386 3644 1522 3706 instituto
1552 3642 1640 3704 facile

283 3751 489 3823 conciliantur,
526 3752 622 3812 minor
647 3750 760 3812 Plinius
791 3768 864 3830 quae
898 3749 933 3811 de
962 3749 1054 3810 Nerva
1087 3749 1175 3811 tradit
1202 3749 1316 3830 (paneg.
1338 3767 1363 3810 o.
1384 3747 1417 3810 8:
1446 3747 1543 3810 adlato
1575 3759 1641 3810 erat

283 3875 321 3918 ec
343 3855 492 3917 Pannonia
513 3855 614 3916 borea
629 3899 734 3915 .....
749 3854 824 3915 bone
845 3858 1001 3932 imperator
1016 3852 1113 3914 Nerua
1134 3855 1165 3913 bc
1184 3857 1292 3932 pomis
1314 3850 1388 3914 louis
1409 3851 1576 3913 collocaret:
1598 3853 1639 3912 cl.

283 3978 308 4020 o.
326 3959 378 4036 16)
402 3957 493 4020 moris
514 3957 750 4019 immutationem
766 3956 894 4037 aliquam
910 3955 1080 4035 llagitant1).
1110 3953 1184 4017 Utut
1204 3963 1257 4028 est,
1280 3955 1311 4017 in
1325 3955 1420 4016 indice
1436 3953 1461 4016 si
1476 3973 1639 4017 numerum

282 4062 433 4142 Augustus
464 4060 563 4142 posuit
594 4061 732 4122 lauruum
761 4061 792 4122 in
822 4059 962 4139 Capitolio
991 4058 1199 4139 depositarum,
1221 4057 1387 4120 numeravit
1407 4075 1543 4136 egressus
1566 4075 1640 4118 suos

283 4185 319 4228 ex
349 4167 420 4228 urbe
447 4164 483 4225 ad
512 4182 574 4224 rem
605 4164 760 4244 gerendam
789 4163 916 4244 demptis
945 4162 1049 4244 opinor
1071 4163 1117 4237 iis,
1140 4171 1259 4244 propter
1280 4180 1355 4241 quos
1377 4159 1520 4242 triumphi
1542 4160 1641 4222 bonor

284 4307 494 4318 —..—-—--

383 4377 405 4439 ¹)
423 4373 583 4426 Consuetudo
601 4381 713 4439 vetusta,
731 4374 925 4440 etquicunque
944 4371 1072 4423 exercitui
1090 4379 1209 4437 praeerat
1226 4372 1283 4424 sive
1301 4351 1347 4422 s⁰uo
1365 4371 1420 4422 iura
1438 4371 1494 4423 iure
1512 4371 1569 4422 elva
1587 4372 1640 4424 ali·
1753 4409 1754 4452 3

283 4479 330 4514 eno
349 4462 485 4515 victoriam
504 4460 609 4527 adeptus
629 4460 757 4512 laureatae
774 4461 879 4510 litteras
898 4457 999 4510 Romam
1017 4457 1146 4520 mitteret,
1170 4459 1246 4510 etlam
1265 4458 1311 4509 sub
1329 4456 1524 4525 imperatoribus
1542 4459 1640 4510 mansit
1753 4469 1754 4486 ¹

282 4549 391 4600 testibus
410 4546 500 4599 Tacito
523 4547 583 4596 bist.
607 4548 631 4611 3,
645 4547 676 4597 li
696 4548 726 4598 ds
744 4545 773 4597 L.
793 4546 916 4597 Vitellio:
944 4543 1059 4594 boream
1077 4547 1168 4610 gestae
1184 4558 1302 4612 prospero
1318 4546 1358 4594 ree'
1373 4543 1409 4594 ad
1422 4545 1538 4610 fratrem
1553 4547 1639 4610 saint,

282 4635 343 4685 item
370 4634 397 4685 in
419 4635 475 4685 vita
493 4633 629 4697 Agricolae
648 4649 670 4682 e,
690 4633 732 4685 18:
756 4649 787 4682 ne
809 4631 933 4682 haereatis
956 4629 1056 4697 quidem
1077 4633 1152 4696 gesto
1171 4635 1320 4696 prosecutus
1342 4635 1394 4693 eet,
1412 4638 1439 4681 et
1456 4629 1586 4682 Frontone
1603 4633 1638 4681 ad

281 4722 376 4771 amieos
401 4720 466 4784 1,o:
490 4718 581 4770 lorum
599 4718 732 4770 Maximus
753 4719 870 4769 aduam
894 4716 1022 4768 barcalae
1040 4715 1150 4767 Romam
1171 4714 1258 4767 adum
1279 4715 1381 4767 murac.
1417 4715 1467 4766 Sed
1484 4731 1528 4768 aas
1546 4718 1638 4769 laurus

281 4807 306 4858 in
325 4807 423 4871 gremio
441 4805 510 4856 lovis
528 4805 658 4872 depositas
676 4821 733 4858 esse
752 4821 823 4857 nemo
841 4812 931 4856 aneton
949 4811 996 4856 ast.
