<?xml version="1.0" encoding="UTF-8"?>
<!DOCTYPE html PUBLIC "-//W3C//DTD XHTML 1.0 Transitional//EN"
    "http://www.w3.org/TR/xhtml1/DTD/xhtml1-transitional.dtd">
<html xmlns="http://www.w3.org/1999/xhtml" xml:lang="en" lang="en">
 <head>
  <title>
</title>
<meta http-equiv="Content-Type" content="text/html;charset=utf-8" />
  <meta name='ocr-system' content='tesseract 3.04.00' />
  <meta name='ocr-capabilities' content='ocr_page ocr_carea ocr_par ocr_line ocrx_word'/>
</head>
<body>
  <div class='ocr_page' id='page_1' title='image "./resgestaediviau00mommgoog_0142.png"; bbox 0 0 3525 5417; ppageno 0'>
   <div class='ocr_carea' id='block_1_1' title="bbox 225 252 968 324">
    <p class='ocr_par' dir='ltr' id='par_1_1' title="bbox 225 252 968 324">
     <span class='ocr_line' id='line_1_1' title="bbox 225 252 968 324; baseline 0.003 -16"><span class='ocrx_word' id='word_1_1' title='bbox 225 259 268 324; x_wconf 74' lang='lat'><strong>33</strong></span> <span class='ocrx_word' id='word_1_2' title='bbox 839 252 878 321; x_wconf 90' lang='lat'><strong>11,</strong></span> <span class='ocrx_word' id='word_1_3' title='bbox 897 253 968 310; x_wconf 84' lang='grc'><strong>3-3</strong></span> 
     </span>
    </p>
   </div>
   <div class='ocr_carea' id='block_1_2' title="bbox 161 434 1607 4141">
    <p class='ocr_par' dir='ltr' id='par_1_2' title="bbox 161 434 1593 1864">
     <span class='ocr_line' id='line_1_2' title="bbox 222 434 1586 519; baseline 0.001 -21"><span class='ocrx_word' id='word_1_4' title='bbox 222 456 286 499; x_wconf 90' lang='grc'><strong>333</strong></span> <span class='ocrx_word' id='word_1_5' title='bbox 310 455 371 498; x_wconf 89' lang='lat' dir='ltr'><strong>rem</strong></span> <span class='ocrx_word' id='word_1_6' title='bbox 394 435 590 518; x_wconf 90' lang='lat' dir='ltr'><strong>procurabant</strong></span> <span class='ocrx_word' id='word_1_7' title='bbox 611 436 760 515; x_wconf 87' lang='lat' dir='ltr'><strong>lustraque</strong></span> <span class='ocrx_word' id='word_1_8' title='bbox 783 434 963 513; x_wconf 89' lang='lat' dir='ltr'><strong>condebant;</strong></span> <span class='ocrx_word' id='word_1_9' title='bbox 985 435 1115 498; x_wconf 89' lang='lat' dir='ltr'><strong>censoris</strong></span> <span class='ocrx_word' id='word_1_10' title='bbox 1135 455 1252 518; x_wconf 63' lang='lat' dir='ltr'><strong>nomen,</strong></span> <span class='ocrx_word' id='word_1_11' title='bbox 1266 447 1439 519; x_wconf 88' lang='lat' dir='ltr'><strong>aspernatus</strong></span> <span class='ocrx_word' id='word_1_12' title='bbox 1463 449 1511 500; x_wconf 92' lang='lat' dir='ltr'><strong>est</strong></span> <span class='ocrx_word' id='word_1_13' title='bbox 1534 449 1586 500; x_wconf 92' lang='lat' dir='ltr'><strong>ut-</strong></span> 
     </span>
     <span class='ocr_line' id='line_1_3' title="bbox 223 538 1586 622; baseline 0.001 -21"><span class='ocrx_word' id='word_1_14' title='bbox 223 550 293 622; x_wconf 92' lang='lat' dir='ltr'><strong>pote</strong></span> <span class='ocrx_word' id='word_1_15' title='bbox 315 539 476 602; x_wconf 88' lang='lat' dir='ltr'><strong>lactionum</strong></span> <span class='ocrx_word' id='word_1_16' title='bbox 498 539 709 601; x_wconf 76' lang='lat' dir='ltr'><strong>certationibus</strong></span> <span class='ocrx_word' id='word_1_17' title='bbox 730 539 820 600; x_wconf 91' lang='lat' dir='ltr'><strong>nimis</strong></span> <span class='ocrx_word' id='word_1_18' title='bbox 842 538 982 601; x_wconf 89' lang='lat' dir='ltr'><strong>iactatum</strong></span> <span class='ocrx_word' id='word_1_19' title='bbox 1005 548 1035 601; x_wconf 94' lang='lat' dir='ltr'><strong>et</strong></span> <span class='ocrx_word' id='word_1_20' title='bbox 1051 538 1167 600; x_wconf 90' lang='lat' dir='ltr'><strong>senatui</strong></span> <span class='ocrx_word' id='word_1_21' title='bbox 1183 539 1309 602; x_wconf 82' lang='lat' dir='ltr'><strong>maxime</strong></span> <span class='ocrx_word' id='word_1_22' title='bbox 1330 541 1469 614; x_wconf 87' lang='lat' dir='ltr'><strong>invisum,</strong></span> <span class='ocrx_word' id='word_1_23' title='bbox 1492 561 1586 620; x_wconf 88' lang='lat' dir='ltr'><strong>quarn</strong></span> 
     </span>
     <span class='ocr_line' id='line_1_4' title="bbox 224 642 1586 726; baseline -0.001 -20"><span class='ocrx_word' id='word_1_24' title='bbox 224 645 262 706; x_wconf 92' lang='lat' dir='ltr'><strong>ob</strong></span> <span class='ocrx_word' id='word_1_25' title='bbox 284 663 346 706; x_wconf 89' lang='lat' dir='ltr'><strong>rem</strong></span> <span class='ocrx_word' id='word_1_26' title='bbox 369 644 457 704; x_wconf 91' lang='lat' dir='ltr'><strong>etiam</strong></span> <span class='ocrx_word' id='word_1_27' title='bbox 480 643 612 704; x_wconf 90' lang='lat' dir='ltr'><strong>censoris</strong></span> <span class='ocrx_word' id='word_1_28' title='bbox 634 642 768 723; x_wconf 90' lang='lat' dir='ltr'><strong>perpetui</strong></span> <span class='ocrx_word' id='word_1_29' title='bbox 783 660 894 704; x_wconf 90' lang='lat' dir='ltr'><strong>munus</strong></span> <span class='ocrx_word' id='word_1_30' title='bbox 910 642 1039 704; x_wconf 91' lang='lat' dir='ltr'><strong>oblatum</strong></span> <span class='ocrx_word' id='word_1_31' title='bbox 1056 643 1113 704; x_wconf 92' lang='lat' dir='ltr'><strong>sibi</strong></span> <span class='ocrx_word' id='word_1_32' title='bbox 1127 662 1152 702; x_wconf 93' lang='grc'><strong>3.</strong></span> <span class='ocrx_word' id='word_1_33' title='bbox 1170 642 1231 704; x_wconf 88' lang='grc'><strong>732</strong></span> <span class='ocrx_word' id='word_1_34' title='bbox 1247 663 1306 705; x_wconf 91' lang='lat' dir='ltr'><strong>non</strong></span> <span class='ocrx_word' id='word_1_35' title='bbox 1323 645 1517 726; x_wconf 71' lang='grc'><strong>3333311123</strong></span> <span class='ocrx_word' id='word_1_36' title='bbox 1534 647 1586 718; x_wconf 76' lang='lat'><strong>54,</strong></span> 
     </span>
     <span class='ocr_line' id='line_1_5' title="bbox 225 744 1587 829; baseline 0.002 -21"><span class='ocrx_word' id='word_1_37' title='bbox 225 748 267 827; x_wconf 84' lang='lat'><strong>2).</strong></span> <span class='ocrx_word' id='word_1_38' title='bbox 303 745 465 808; x_wconf 82' lang='lat' dir='ltr'><strong>Verisimile</strong></span> <span class='ocrx_word' id='word_1_39' title='bbox 494 747 583 825; x_wconf 91' lang='lat' dir='ltr'><strong>igitur</strong></span> <span class='ocrx_word' id='word_1_40' title='bbox 610 754 657 808; x_wconf 91' lang='lat' dir='ltr'><strong>est</strong></span> <span class='ocrx_word' id='word_1_41' title='bbox 682 764 708 806; x_wconf 86' lang='lat' dir='ltr'><strong>a.</strong></span> <span class='ocrx_word' id='word_1_42' title='bbox 732 744 793 806; x_wconf 81' lang='grc'><strong>725</strong></span> <span class='ocrx_word' id='word_1_43' title='bbox 820 746 882 826; x_wconf 89' lang='lat' dir='ltr'><strong>lege</strong></span> <span class='ocrx_word' id='word_1_44' title='bbox 909 747 966 806; x_wconf 90' lang='lat' dir='ltr'><strong>lata</strong></span> <span class='ocrx_word' id='word_1_45' title='bbox 993 746 1050 825; x_wconf 89' lang='lat' dir='ltr'><strong>ipsi</strong></span> <span class='ocrx_word' id='word_1_46' title='bbox 1072 755 1102 806; x_wconf 91' lang='lat' dir='ltr'><strong>et</strong></span> <span class='ocrx_word' id='word_1_47' title='bbox 1122 747 1266 829; x_wconf 76' lang='lat' dir='ltr'><strong>Agrippae</strong></span> <span class='ocrx_word' id='word_1_48' title='bbox 1287 757 1390 828; x_wconf 92' lang='lat' dir='ltr'><strong>utpote</strong></span> <span class='ocrx_word' id='word_1_49' title='bbox 1413 749 1587 811; x_wconf 88' lang='lat' dir='ltr'><strong>consulibus</strong></span> 
     </span>
     <span class='ocr_line' id='line_1_6' title="bbox 224 848 1588 931; baseline -0.001 -18"><span class='ocrx_word' id='word_1_50' title='bbox 224 851 293 914; x_wconf 89' lang='lat' dir='ltr'><strong>anni</strong></span> <span class='ocrx_word' id='word_1_51' title='bbox 321 850 398 922; x_wconf 87' lang='lat' dir='ltr'><strong>eius,</strong></span> <span class='ocrx_word' id='word_1_52' title='bbox 427 869 486 930; x_wconf 91' lang='lat' dir='ltr'><strong>quo</strong></span> <span class='ocrx_word' id='word_1_53' title='bbox 509 849 637 912; x_wconf 90' lang='lat' dir='ltr'><strong>lustrum</strong></span> <span class='ocrx_word' id='word_1_54' title='bbox 666 850 853 911; x_wconf 88' lang='lat' dir='ltr'><strong>condendum</strong></span> <span class='ocrx_word' id='word_1_55' title='bbox 881 858 972 920; x_wconf 91' lang='lat' dir='ltr'><strong>esset,</strong></span> <span class='ocrx_word' id='word_1_56' title='bbox 1002 848 1165 911; x_wconf 87' lang='lat' dir='ltr'><strong>censoriam</strong></span> <span class='ocrx_word' id='word_1_57' title='bbox 1188 860 1363 931; x_wconf 88' lang='lat' dir='ltr'><strong>potestatem</strong></span> <span class='ocrx_word' id='word_1_58' title='bbox 1387 853 1485 914; x_wconf 88' lang='lat' dir='ltr'><strong>datam</strong></span> <span class='ocrx_word' id='word_1_59' title='bbox 1508 872 1588 914; x_wconf 90' lang='lat' dir='ltr'><strong>esse.</strong></span> 
     </span>
     <span class='ocr_line' id='line_1_7' title="bbox 224 953 1590 1036; baseline 0.001 -20"><span class='ocrx_word' id='word_1_60' title='bbox 224 955 333 1016; x_wconf 80' lang='lat' dir='ltr'><strong>Eadem</strong></span> <span class='ocrx_word' id='word_1_61' title='bbox 361 953 474 1015; x_wconf 91' lang='lat' dir='ltr'><strong>ratione</strong></span> <span class='ocrx_word' id='word_1_62' title='bbox 501 972 608 1015; x_wconf 89' lang='lat' dir='ltr'><strong>census</strong></span> <span class='ocrx_word' id='word_1_63' title='bbox 637 953 759 1016; x_wconf 86' lang='lat' dir='ltr'><strong>secundi</strong></span> <span class='ocrx_word' id='word_1_64' title='bbox 786 964 816 1015; x_wconf 91' lang='lat' dir='ltr'><strong>et</strong></span> <span class='ocrx_word' id='word_1_65' title='bbox 844 953 922 1014; x_wconf 90' lang='lat' dir='ltr'><strong>tertii</strong></span> <span class='ocrx_word' id='word_1_66' title='bbox 949 973 1050 1026; x_wconf 89' lang='lat' dir='ltr'><strong>causa,</strong></span> <span class='ocrx_word' id='word_1_67' title='bbox 1081 972 1150 1014; x_wconf 88' lang='lat' dir='ltr'><strong>cum</strong></span> <span class='ocrx_word' id='word_1_68' title='bbox 1179 973 1213 1014; x_wconf 88' lang='lat' dir='ltr'><strong>eo</strong></span> <span class='ocrx_word' id='word_1_69' title='bbox 1243 964 1376 1036; x_wconf 89' lang='lat' dir='ltr'><strong>tempore</strong></span> <span class='ocrx_word' id='word_1_70' title='bbox 1397 957 1502 1017; x_wconf 88' lang='lat' dir='ltr'><strong>consul</strong></span> <span class='ocrx_word' id='word_1_71' title='bbox 1524 975 1590 1018; x_wconf 89' lang='lat' dir='ltr'><strong>nou</strong></span> 
     </span>
     <span class='ocr_line' id='line_1_8' title="bbox 226 1057 1589 1139; baseline 0 -19"><span class='ocrx_word' id='word_1_72' title='bbox 226 1067 313 1132; x_wconf 86' lang='lat' dir='ltr'><strong>esset,</strong></span> <span class='ocrx_word' id='word_1_73' title='bbox 336 1059 488 1120; x_wconf 90' lang='lat' dir='ltr'><strong>consulare</strong></span> <span class='ocrx_word' id='word_1_74' title='bbox 511 1057 669 1139; x_wconf 89' lang='lat' dir='ltr'><strong>imperium</strong></span> <span class='ocrx_word' id='word_1_75' title='bbox 692 1059 727 1120; x_wconf 91' lang='lat' dir='ltr'><strong>ad</strong></span> <span class='ocrx_word' id='word_1_76' title='bbox 749 1058 779 1118; x_wconf 92' lang='lat' dir='ltr'><strong>id</strong></span> <span class='ocrx_word' id='word_1_77' title='bbox 795 1067 912 1137; x_wconf 90' lang='lat' dir='ltr'><strong>tempus</strong></span> <span class='ocrx_word' id='word_1_78' title='bbox 928 1065 961 1118; x_wconf 88' lang='lat' dir='ltr'><strong>ut</strong></span> <span class='ocrx_word' id='word_1_79' title='bbox 976 1057 1031 1118; x_wconf 93' lang='lat' dir='ltr'><strong>sibi</strong></span> <span class='ocrx_word' id='word_1_80' title='bbox 1047 1059 1236 1120; x_wconf 79' lang='lat' dir='ltr'>mandaretur</span> <span class='ocrx_word' id='word_1_81' title='bbox 1251 1060 1347 1122; x_wconf 84' lang='lat' dir='ltr'><strong>effecit</strong></span> <span class='ocrx_word' id='word_1_82' title='bbox 1364 1059 1551 1136; x_wconf 82' lang='lat' dir='ltr'><strong>(Stuotrrecbt</strong></span> <span class='ocrx_word' id='word_1_83' title='bbox 1568 1059 1589 1120; x_wconf 91' lang='grc'>2</span> 
     </span>
     <span class='ocr_line' id='line_1_9' title="bbox 225 1159 1591 1243; baseline 0.001 -20"><span class='ocrx_word' id='word_1_84' title='bbox 225 1183 254 1243; x_wconf 92' lang='lat' dir='ltr'><strong>p.</strong></span> <span class='ocrx_word' id='word_1_85' title='bbox 271 1162 355 1240; x_wconf 84' lang='grc'>326).</span> <span class='ocrx_word' id='word_1_86' title='bbox 400 1162 545 1240; x_wconf 85' lang='lat' dir='ltr'><strong>Collegam</strong></span> <span class='ocrx_word' id='word_1_87' title='bbox 568 1180 634 1222; x_wconf 91' lang='lat' dir='ltr'><strong>cum</strong></span> <span class='ocrx_word' id='word_1_88' title='bbox 658 1163 690 1223; x_wconf 92' lang='lat' dir='ltr'><strong>in</strong></span> <span class='ocrx_word' id='word_1_89' title='bbox 712 1163 841 1223; x_wconf 90' lang='lat' dir='ltr'><strong>secunda</strong></span> <span class='ocrx_word' id='word_1_90' title='bbox 863 1179 988 1221; x_wconf 79' lang='lat' dir='ltr'><strong>censura</strong></span> <span class='ocrx_word' id='word_1_91' title='bbox 1010 1159 1124 1221; x_wconf 90' lang='lat' dir='ltr'><strong>nullum</strong></span> <span class='ocrx_word' id='word_1_92' title='bbox 1147 1161 1313 1236; x_wconf 81' lang='lat' dir='ltr'><strong>habuisset,</strong></span> <span class='ocrx_word' id='word_1_93' title='bbox 1343 1163 1487 1237; x_wconf 83' lang='lat' dir='ltr'><strong>Tiberius,</strong></span> <span class='ocrx_word' id='word_1_94' title='bbox 1510 1182 1591 1242; x_wconf 90' lang='lat' dir='ltr'><strong>quo-</strong></span> 
     </span>
     <span class='ocr_line' id='line_1_10' title="bbox 227 1262 1592 1346; baseline -0.001 -18"><span class='ocrx_word' id='word_1_95' title='bbox 227 1285 296 1328; x_wconf 88' lang='lat' dir='ltr'><strong>cum</strong></span> <span class='ocrx_word' id='word_1_96' title='bbox 320 1265 436 1327; x_wconf 76' lang='lat' dir='ltr'><strong>tertiam</strong></span> <span class='ocrx_word' id='word_1_97' title='bbox 459 1267 696 1340; x_wconf 81' lang='lat' dir='ltr'><strong>communicavit,</strong></span> <span class='ocrx_word' id='word_1_98' title='bbox 718 1284 787 1327; x_wconf 90' lang='lat' dir='ltr'><strong>cum</strong></span> <span class='ocrx_word' id='word_1_99' title='bbox 810 1283 871 1326; x_wconf 87' lang='lat' dir='ltr'><strong>oon</strong></span> <span class='ocrx_word' id='word_1_100' title='bbox 895 1262 986 1341; x_wconf 90' lang='lat' dir='ltr'><strong>magis</strong></span> <span class='ocrx_word' id='word_1_101' title='bbox 1008 1263 1112 1324; x_wconf 89' lang='lat' dir='ltr'><strong>consul</strong></span> <span class='ocrx_word' id='word_1_102' title='bbox 1134 1274 1220 1338; x_wconf 86' lang='lat' dir='ltr'><strong>esset,</strong></span> <span class='ocrx_word' id='word_1_103' title='bbox 1243 1265 1322 1327; x_wconf 89' lang='lat' dir='ltr'><strong>idem</strong></span> <span class='ocrx_word' id='word_1_104' title='bbox 1345 1266 1501 1346; x_wconf 83' lang='lat' dir='ltr'><strong>imperimn</strong></span> <span class='ocrx_word' id='word_1_105' title='bbox 1523 1267 1592 1346; x_wconf 86' lang='lat' dir='ltr'><strong>lege</strong></span> 
     </span>
     <span class='ocr_line' id='line_1_11' title="bbox 161 1367 1593 1450; baseline 0.001 -20"><span class='ocrx_word' id='word_1_106' title='bbox 161 1407 165 1416; x_wconf 91' lang='lat'>-</span> <span class='ocrx_word' id='word_1_107' title='bbox 226 1370 262 1431; x_wconf 84' lang='lat' dir='ltr'><strong>(le</strong></span> <span class='ocrx_word' id='word_1_108' title='bbox 288 1388 322 1430; x_wconf 89' lang='grc'><strong>33</strong></span> <span class='ocrx_word' id='word_1_109' title='bbox 352 1388 385 1430; x_wconf 92' lang='lat' dir='ltr'><strong>re</strong></span> <span class='ocrx_word' id='word_1_110' title='bbox 411 1369 469 1429; x_wconf 89' lang='lat' dir='ltr'><strong>lata</strong></span> <span class='ocrx_word' id='word_1_111' title='bbox 498 1368 618 1450; x_wconf 83' lang='lat' dir='ltr'><strong>aceepit,</strong></span> <span class='ocrx_word' id='word_1_112' title='bbox 642 1368 801 1450; x_wconf 87' lang='lat' dir='ltr'><strong>scribitque</strong></span> <span class='ocrx_word' id='word_1_113' title='bbox 825 1367 985 1430; x_wconf 82' lang='lat' dir='ltr'><strong>Suetonius</strong></span> <span class='ocrx_word' id='word_1_114' title='bbox 1008 1367 1072 1428; x_wconf 87' lang='lat' dir='ltr'><strong>Tib.</strong></span> <span class='ocrx_word' id='word_1_115' title='bbox 1089 1367 1143 1428; x_wconf 84' lang='lat'><strong>21:</strong></span> <span class='ocrx_word' id='word_1_116' title='bbox 1168 1368 1298 1449; x_wconf 79' lang='lat' dir='ltr'><strong>lepeper</strong></span> <span class='ocrx_word' id='word_1_117' title='bbox 1320 1371 1448 1432; x_wconf 82' lang='grc'><strong>33333133</strong></span> <span class='ocrx_word' id='word_1_118' title='bbox 1470 1371 1593 1432; x_wconf 81' lang='grc'><strong>1313331</strong></span> 
     </span>
     <span class='ocr_line' id='line_1_12' title="bbox 226 1471 1593 1554; baseline 0 -20"><span class='ocrx_word' id='word_1_119' title='bbox 226 1471 390 1552; x_wconf 85' lang='lat' dir='ltr'><strong>(Tiberius)</strong></span> <span class='ocrx_word' id='word_1_120' title='bbox 417 1477 584 1552; x_wconf 81' lang='lat' dir='ltr'><strong>prouincias</strong></span> <span class='ocrx_word' id='word_1_121' title='bbox 612 1492 677 1534; x_wconf 83' lang='lat' dir='ltr'><strong>cum</strong></span> <span class='ocrx_word' id='word_1_122' title='bbox 703 1472 827 1553; x_wconf 74' lang='grc'><strong>1333313</strong></span> <span class='ocrx_word' id='word_1_123' title='bbox 855 1475 1042 1534; x_wconf 83' lang='lat' dir='ltr'><strong>communiter</strong></span> <span class='ocrx_word' id='word_1_124' title='bbox 1070 1472 1282 1535; x_wconf 76' lang='lat' dir='ltr'><strong>administraret</strong></span> <span class='ocrx_word' id='word_1_125' title='bbox 1312 1474 1449 1554; x_wconf 75' lang='grc'><strong>31331333</strong></span> <span class='ocrx_word' id='word_1_126' title='bbox 1471 1493 1593 1536; x_wconf 72' lang='lat' dir='ltr'><strong>musam</strong></span> 
     </span>
     <span class='ocr_line' id='line_1_13' title="bbox 228 1575 1592 1661; baseline -0.001 -21"><span class='ocrx_word' id='word_1_127' title='bbox 228 1588 331 1658; x_wconf 72' lang='grc'><strong>393331.</strong></span> <span class='ocrx_word' id='word_1_128' title='bbox 370 1577 477 1638; x_wconf 81' lang='lat' dir='ltr'><strong>Contra</strong></span> <span class='ocrx_word' id='word_1_129' title='bbox 499 1576 578 1661; x_wconf 86' lang='lat' dir='ltr'><strong>quod</strong></span> <span class='ocrx_word' id='word_1_130' title='bbox 600 1575 653 1637; x_wconf 85' lang='lat' dir='ltr'><strong>llio</strong></span> <span class='ocrx_word' id='word_1_131' title='bbox 675 1595 750 1656; x_wconf 91' lang='lat' dir='ltr'><strong>quae</strong></span> <span class='ocrx_word' id='word_1_132' title='bbox 771 1578 938 1655; x_wconf 75' lang='lat' dir='ltr'><strong>Augustum</strong></span> <span class='ocrx_word' id='word_1_133' title='bbox 961 1594 1015 1656; x_wconf 92' lang='lat' dir='ltr'><strong>pro</strong></span> <span class='ocrx_word' id='word_1_134' title='bbox 1038 1593 1160 1636; x_wconf 84' lang='lat' dir='ltr'><strong>censore</strong></span> <span class='ocrx_word' id='word_1_135' title='bbox 1181 1595 1259 1638; x_wconf 92' lang='lat' dir='ltr'><strong>anno</strong></span> <span class='ocrx_word' id='word_1_136' title='bbox 1283 1578 1344 1637; x_wconf 82' lang='lat'><strong>757</strong></span> <span class='ocrx_word' id='word_1_137' title='bbox 1368 1577 1492 1657; x_wconf 85' lang='lat' dir='ltr'><strong>gessisse</strong></span> <span class='ocrx_word' id='word_1_138' title='bbox 1514 1577 1592 1650; x_wconf 86' lang='lat' dir='ltr'><strong>vult,</strong></span> 
     </span>
     <span class='ocr_line' id='line_1_14' title="bbox 227 1679 1592 1761; baseline 0 -19"><span class='ocrx_word' id='word_1_139' title='bbox 227 1700 296 1742; x_wconf 91' lang='lat' dir='ltr'><strong>eum</strong></span> <span class='ocrx_word' id='word_1_140' title='bbox 319 1680 445 1760; x_wconf 87' lang='lat' dir='ltr'><strong>gessisse</strong></span> <span class='ocrx_word' id='word_1_141' title='bbox 466 1679 560 1741; x_wconf 90' lang='lat' dir='ltr'><strong>eredit</strong></span> <span class='ocrx_word' id='word_1_142' title='bbox 580 1679 645 1742; x_wconf 90' lang='lat' dir='ltr'><strong>iure</strong></span> <span class='ocrx_word' id='word_1_143' title='bbox 666 1680 877 1761; x_wconf 83' lang='lat' dir='ltr'><strong>proconsulari,</strong></span> <span class='ocrx_word' id='word_1_144' title='bbox 901 1687 1136 1741; x_wconf 87' lang='lat' dir='ltr'><strong>commentorum</strong></span> <span class='ocrx_word' id='word_1_145' title='bbox 1159 1679 1222 1741; x_wconf 89' lang='lat' dir='ltr'><strong>eius</strong></span> <span class='ocrx_word' id='word_1_146' title='bbox 1244 1680 1330 1760; x_wconf 89' lang='lat' dir='ltr'><strong>longe</strong></span> <span class='ocrx_word' id='word_1_147' title='bbox 1352 1680 1592 1742; x_wconf 83' lang='lat' dir='ltr'><strong>infelicissimum</strong></span> 
     </span>
     <span class='ocr_line' id='line_1_15' title="bbox 228 1783 577 1864; baseline -0.006 -18"><span class='ocrx_word' id='word_1_148' title='bbox 228 1793 274 1846; x_wconf 90' lang='lat' dir='ltr'><strong>est</strong></span> <span class='ocrx_word' id='word_1_149' title='bbox 295 1792 325 1845; x_wconf 91' lang='lat' dir='ltr'><strong>et</strong></span> <span class='ocrx_word' id='word_1_150' title='bbox 346 1802 413 1844; x_wconf 83' lang='lat' dir='ltr'><strong>rere</strong></span> <span class='ocrx_word' id='word_1_151' title='bbox 435 1783 577 1864; x_wconf 91' lang='lat' dir='ltr'><strong>ineptum.</strong></span> 
     </span>
    </p>

    <p class='ocr_par' dir='ltr' id='par_1_3' title="bbox 229 1885 1607 4141">
     <span class='ocr_line' id='line_1_16' title="bbox 330 1885 1593 1968; baseline 0.001 -19"><span class='ocrx_word' id='word_1_152' title='bbox 330 1887 424 1949; x_wconf 85' lang='lat' dir='ltr'><strong>Censa</strong></span> <span class='ocrx_word' id='word_1_153' title='bbox 457 1896 529 1950; x_wconf 90' lang='lat' dir='ltr'><strong>sunt</strong></span> <span class='ocrx_word' id='word_1_154' title='bbox 561 1907 587 1949; x_wconf 96' lang='grc'><strong>3.</strong></span> <span class='ocrx_word' id='word_1_155' title='bbox 611 1887 673 1949; x_wconf 82' lang='grc'><strong>7211</strong></span> <span class='ocrx_word' id='word_1_156' title='bbox 699 1890 793 1967; x_wconf 83' lang='lat' dir='ltr'><strong>capita</strong></span> <span class='ocrx_word' id='word_1_157' title='bbox 817 1888 1009 1968; x_wconf 73' lang='lat' dir='ltr'><strong>quadragiens</strong></span> <span class='ocrx_word' id='word_1_158' title='bbox 1037 1897 1147 1950; x_wconf 81' lang='grc'><strong>3331333</strong></span> <span class='ocrx_word' id='word_1_159' title='bbox 1172 1885 1265 1948; x_wconf 85' lang='lat' dir='ltr'><strong>millio</strong></span> <span class='ocrx_word' id='word_1_160' title='bbox 1290 1897 1316 1948; x_wconf 89' lang='grc'><strong>31</strong></span> <span class='ocrx_word' id='word_1_161' title='bbox 1343 1891 1492 1968; x_wconf 70' lang='lat' dir='ltr'><strong>resupinis</strong></span> <span class='ocrx_word' id='word_1_162' title='bbox 1528 1893 1593 1950; x_wconf 82' lang='lat' dir='ltr'><strong>trin</strong></span> 
     </span>
     <span class='ocr_line' id='line_1_17' title="bbox 230 1989 1595 2071; baseline -0.001 -18"><span class='ocrx_word' id='word_1_163' title='bbox 230 1992 338 2064; x_wconf 84' lang='lat' dir='ltr'><strong>millia,</strong></span> <span class='ocrx_word' id='word_1_164' title='bbox 365 1991 395 2052; x_wconf 92' lang='lat' dir='ltr'><strong>id</strong></span> <span class='ocrx_word' id='word_1_165' title='bbox 423 2001 469 2053; x_wconf 91' lang='lat' dir='ltr'><strong>est</strong></span> <span class='ocrx_word' id='word_1_166' title='bbox 491 1990 675 2065; x_wconf 67' lang='lat' dir='ltr'><strong>eddadem</strong></span> <span class='ocrx_word' id='word_1_167' title='bbox 707 2009 761 2071; x_wconf 92' lang='lat' dir='ltr'><strong>pro</strong></span> <span class='ocrx_word' id='word_1_168' title='bbox 784 2010 843 2070; x_wconf 88' lang='lat' dir='ltr'><strong>quo</strong></span> <span class='ocrx_word' id='word_1_169' title='bbox 866 2009 991 2052; x_wconf 90' lang='lat' dir='ltr'><strong>numero</strong></span> <span class='ocrx_word' id='word_1_170' title='bbox 1013 1991 1090 2070; x_wconf 90' lang='lat' dir='ltr'><strong>apud</strong></span> <span class='ocrx_word' id='word_1_171' title='bbox 1113 1989 1303 2071; x_wconf 86' lang='lat' dir='ltr'><strong>interpretem</strong></span> <span class='ocrx_word' id='word_1_172' title='bbox 1328 1991 1486 2064; x_wconf 88' lang='lat' dir='ltr'><strong>Graecum,</strong></span> <span class='ocrx_word' id='word_1_173' title='bbox 1519 2010 1595 2052; x_wconf 90' lang='lat' dir='ltr'><strong>cum</strong></span> 
     </span>
     <span class='ocr_line' id='line_1_18' title="bbox 229 2090 1596 2176; baseline -0.001 -21"><span class='ocrx_word' id='word_1_174' title='bbox 229 2095 299 2175; x_wconf 90' lang='lat' dir='ltr'><strong>poni</strong></span> <span class='ocrx_word' id='word_1_175' title='bbox 322 2094 442 2155; x_wconf 88' lang='lat' dir='ltr'><strong>deberet</strong></span> <span class='ocrx_word' id='word_1_176' title='bbox 462 2091 674 2175; x_wconf 79' lang='grc' dir='ltr'><strong><em>τετρακόσιαι</em></strong></span> <span class='ocrx_word' id='word_1_177' title='bbox 698 2092 733 2165; x_wconf 76' lang='grc' dir='ltr'><strong>ἓξ</strong></span> <span class='ocrx_word' id='word_1_178' title='bbox 754 2092 914 2176; x_wconf 79' lang='grc' dir='ltr'><em>μυριάδες</em></span> <span class='ocrx_word' id='word_1_179' title='bbox 934 2092 990 2154; x_wconf 78' lang='grc' dir='ltr'><strong>καὶ</strong></span> <span class='ocrx_word' id='word_1_180' title='bbox 1011 2092 1202 2173; x_wconf 77' lang='grc' dir='ltr'><strong><em>τρισχίλιοι,</em></strong></span> <span class='ocrx_word' id='word_1_181' title='bbox 1225 2094 1364 2172; x_wconf 87' lang='lat' dir='ltr'><strong>leguntur</strong></span> <span class='ocrx_word' id='word_1_182' title='bbox 1377 2090 1596 2174; x_wconf 76' lang='grc' dir='ltr'><strong><em>τετρακόσιαι</em></strong></span> 
     </span>
     <span class='ocr_line' id='line_1_19' title="bbox 230 2194 1596 2279; baseline 0 -21"><span class='ocrx_word' id='word_1_183' title='bbox 230 2194 387 2278; x_wconf 79' lang='grc' dir='ltr'><strong><em>ἑξήκοντα</em></strong></span> <span class='ocrx_word' id='word_1_184' title='bbox 409 2195 567 2278; x_wconf 80' lang='grc' dir='ltr'><strong><em>μυριάδες</em></strong></span> <span class='ocrx_word' id='word_1_185' title='bbox 590 2195 646 2258; x_wconf 80' lang='grc' dir='ltr'><strong>καὶ</strong></span> <span class='ocrx_word' id='word_1_186' title='bbox 667 2194 861 2279; x_wconf 76' lang='grc' dir='ltr'><strong><em>τρισχίλιοι,</em></strong></span> <span class='ocrx_word' id='word_1_187' title='bbox 885 2197 915 2258; x_wconf 89' lang='lat' dir='ltr'><strong>id</strong></span> <span class='ocrx_word' id='word_1_188' title='bbox 938 2205 983 2258; x_wconf 92' lang='lat' dir='ltr'><strong>est</strong></span> <span class='ocrx_word' id='word_1_189' title='bbox 1005 2196 1180 2272; x_wconf 62' lang='lat' dir='ltr'><strong>tetbaudo,</strong></span> <span class='ocrx_word' id='word_1_190' title='bbox 1208 2199 1286 2278; x_wconf 92' lang='lat' dir='ltr'><strong>apud</strong></span> <span class='ocrx_word' id='word_1_191' title='bbox 1309 2197 1468 2259; x_wconf 87' lang='lat' dir='ltr'><strong>Eusebium</strong></span> <span class='ocrx_word' id='word_1_192' title='bbox 1490 2206 1596 2258; x_wconf 89' lang='lat' dir='ltr'><strong>autem</strong></span> 
     </span>
     <span class='ocr_line' id='line_1_20' title="bbox 232 2299 1601 2382; baseline 0 -20"><span class='ocrx_word' id='word_1_193' title='bbox 232 2300 333 2381; x_wconf 85' lang='lat' dir='ltr'><strong>(verba</strong></span> <span class='ocrx_word' id='word_1_194' title='bbox 356 2301 482 2363; x_wconf 79' lang='lat' dir='ltr'><strong>servavit</strong></span> <span class='ocrx_word' id='word_1_195' title='bbox 504 2300 657 2382; x_wconf 80' lang='lat' dir='ltr'><strong>Syncellus</strong></span> <span class='ocrx_word' id='word_1_196' title='bbox 679 2320 707 2381; x_wconf 90' lang='lat' dir='ltr'><strong>p.</strong></span> <span class='ocrx_word' id='word_1_197' title='bbox 725 2302 786 2362; x_wconf 80' lang='lat'><strong>593</strong></span> <span class='ocrx_word' id='word_1_198' title='bbox 809 2301 904 2363; x_wconf 86' lang='lat' dir='ltr'><strong>Bonn.</strong></span> <span class='ocrx_word' id='word_1_199' title='bbox 928 2301 1161 2379; x_wconf 84' lang='lat' dir='ltr'><strong>confirmantque</strong></span> <span class='ocrx_word' id='word_1_200' title='bbox 1190 2302 1340 2362; x_wconf 81' lang='lat' dir='ltr'><strong>versiones</strong></span> <span class='ocrx_word' id='word_1_201' title='bbox 1368 2299 1539 2380; x_wconf 81' lang='lat' dir='ltr'><strong>Hieronymi</strong></span> <span class='ocrx_word' id='word_1_202' title='bbox 1562 2310 1601 2362; x_wconf 92' lang='lat' dir='ltr'><strong>et</strong></span> 
     </span>
     <span class='ocr_line' id='line_1_21' title="bbox 233 2399 1598 2490; baseline -0.001 -25"><span class='ocrx_word' id='word_1_203' title='bbox 233 2403 406 2465; x_wconf 75' lang='lat' dir='ltr'><strong>Armeniaca</strong></span> <span class='ocrx_word' id='word_1_204' title='bbox 421 2424 450 2485; x_wconf 90' lang='lat' dir='ltr'><strong>p.</strong></span> <span class='ocrx_word' id='word_1_205' title='bbox 465 2404 534 2464; x_wconf 88' lang='grc'><strong>140.</strong></span> <span class='ocrx_word' id='word_1_206' title='bbox 553 2405 611 2464; x_wconf 87' lang='grc'><strong>141</strong></span> <span class='ocrx_word' id='word_1_207' title='bbox 626 2404 772 2483; x_wconf 88' lang='lat' dir='ltr'><strong>Schoene)</strong></span> <span class='ocrx_word' id='word_1_208' title='bbox 784 2404 924 2483; x_wconf 91' lang='lat' dir='ltr'><strong>leguntur</strong></span> <span class='ocrx_word' id='word_1_209' title='bbox 937 2399 1096 2487; x_wconf 82' lang='grc' dir='ltr'><strong><em>μυριάδες</em></strong></span> <span class='ocrx_word' id='word_1_210' title='bbox 1111 2399 1172 2473; x_wconf 77' lang='grc' dir='ltr'><strong>σις’</strong></span> <span class='ocrx_word' id='word_1_211' title='bbox 1188 2401 1243 2465; x_wconf 75' lang='grc' dir='ltr'><strong>καὶ</strong></span> <span class='ocrx_word' id='word_1_212' title='bbox 1261 2401 1299 2490; x_wconf 39' lang='lat' dir='ltr'><strong>ld,</strong></span> <span class='ocrx_word' id='word_1_213' title='bbox 1315 2403 1598 2478; x_wconf 59' lang='lat' dir='ltr'><strong>iussoslussos</strong></span> 
     </span>
     <span class='ocr_line' id='line_1_22' title="bbox 235 2506 1603 2589; baseline 0.001 -19"><span class='ocrx_word' id='word_1_214' title='bbox 235 2507 355 2570; x_wconf 84' lang='lat' dir='ltr'><strong>Scilicet</strong></span> <span class='ocrx_word' id='word_1_215' title='bbox 381 2508 454 2569; x_wconf 88' lang='lat' dir='ltr'><strong>alter</strong></span> <span class='ocrx_word' id='word_1_216' title='bbox 481 2507 656 2569; x_wconf 85' lang='lat' dir='ltr'><strong>vocabulum</strong></span> <span class='ocrx_word' id='word_1_217' title='bbox 683 2513 833 2588; x_wconf 72' lang='lat' dir='ltr'><strong>serapide</strong></span> <span class='ocrx_word' id='word_1_218' title='bbox 862 2507 937 2570; x_wconf 88' lang='lat' dir='ltr'><strong>male</strong></span> <span class='ocrx_word' id='word_1_219' title='bbox 964 2506 1079 2568; x_wconf 91' lang='lat' dir='ltr'><strong>rettulit</strong></span> <span class='ocrx_word' id='word_1_220' title='bbox 1103 2506 1140 2567; x_wconf 90' lang='lat' dir='ltr'><strong>ad</strong></span> <span class='ocrx_word' id='word_1_221' title='bbox 1168 2507 1371 2587; x_wconf 88' lang='lat' dir='ltr'><strong>praecedentia</strong></span> <span class='ocrx_word' id='word_1_222' title='bbox 1402 2507 1603 2589; x_wconf 71' lang='lat' dir='ltr'><strong>quadragiens</strong></span> 
     </span>
     <span class='ocr_line' id='line_1_23' title="bbox 231 2610 1602 2692; baseline -0.001 -18"><span class='ocrx_word' id='word_1_223' title='bbox 231 2621 345 2674; x_wconf 80' lang='grc'><strong>3331313</strong></span> <span class='ocrx_word' id='word_1_224' title='bbox 372 2610 483 2684; x_wconf 86' lang='lat' dir='ltr'><strong>millia,</strong></span> <span class='ocrx_word' id='word_1_225' title='bbox 512 2610 597 2690; x_wconf 87' lang='lat' dir='ltr'><strong>quasi</strong></span> <span class='ocrx_word' id='word_1_226' title='bbox 625 2619 704 2672; x_wconf 89' lang='grc'><strong>33331</strong></span> <span class='ocrx_word' id='word_1_227' title='bbox 730 2612 921 2692; x_wconf 71' lang='lat' dir='ltr'><strong>quadragiens</strong></span> <span class='ocrx_word' id='word_1_228' title='bbox 948 2621 974 2672; x_wconf 90' lang='lat' dir='ltr'><strong>et</strong></span> <span class='ocrx_word' id='word_1_229' title='bbox 999 2621 1111 2673; x_wconf 79' lang='lat' dir='ltr'><strong>centum</strong></span> <span class='ocrx_word' id='word_1_230' title='bbox 1138 2615 1288 2690; x_wconf 78' lang='lat' dir='ltr'><strong>seaopr&#39;nto</strong></span> <span class='ocrx_word' id='word_1_231' title='bbox 1314 2615 1370 2672; x_wconf 85' lang='lat' dir='ltr'><strong>trio</strong></span> <span class='ocrx_word' id='word_1_232' title='bbox 1396 2611 1495 2685; x_wconf 85' lang='lat' dir='ltr'><strong>millio,</strong></span> <span class='ocrx_word' id='word_1_233' title='bbox 1519 2611 1602 2673; x_wconf 88' lang='lat' dir='ltr'><strong>alter</strong></span> 
     </span>
     <span class='ocr_line' id='line_1_24' title="bbox 231 2713 1602 2795; baseline 0.001 -20"><span class='ocrx_word' id='word_1_234' title='bbox 231 2723 348 2788; x_wconf 90' lang='lat' dir='ltr'><strong>autem,</strong></span> <span class='ocrx_word' id='word_1_235' title='bbox 384 2714 462 2775; x_wconf 89' lang='lat' dir='ltr'><strong>sicut</strong></span> <span class='ocrx_word' id='word_1_236' title='bbox 493 2721 572 2774; x_wconf 89' lang='lat' dir='ltr'><strong>recte</strong></span> <span class='ocrx_word' id='word_1_237' title='bbox 601 2713 765 2775; x_wconf 84' lang='lat' dir='ltr'><strong>observavit</strong></span> <span class='ocrx_word' id='word_1_238' title='bbox 792 2715 947 2795; x_wconf 90' lang='lat' dir='ltr'><strong>Zumptius</strong></span> <span class='ocrx_word' id='word_1_239' title='bbox 974 2713 1068 2776; x_wconf 88' lang='lat' dir='ltr'><strong>maior</strong></span> <span class='ocrx_word' id='word_1_240' title='bbox 1094 2715 1176 2790; x_wconf 83' lang='lat' dir='ltr'><strong>(dher</strong></span> <span class='ocrx_word' id='word_1_241' title='bbox 1204 2715 1258 2776; x_wconf 82' lang='lat' dir='ltr'><strong>den</strong></span> <span class='ocrx_word' id='word_1_242' title='bbox 1286 2714 1379 2776; x_wconf 81' lang='lat' dir='ltr'><strong>Stond</strong></span> <span class='ocrx_word' id='word_1_243' title='bbox 1409 2715 1459 2776; x_wconf 81' lang='lat' dir='ltr'><strong>der</strong></span> <span class='ocrx_word' id='word_1_244' title='bbox 1489 2714 1602 2777; x_wconf 80' lang='lat' dir='ltr'><strong>Beodi-</strong></span> 
     </span>
     <span class='ocr_line' id='line_1_25' title="bbox 231 2816 1602 2898; baseline 0.002 -19"><span class='ocrx_word' id='word_1_245' title='bbox 231 2819 342 2898; x_wconf 78' lang='lat' dir='ltr'><strong>lremup</strong></span> <span class='ocrx_word' id='word_1_246' title='bbox 373 2822 414 2878; x_wconf 88' lang='lat' dir='ltr'><strong>im</strong></span> <span class='ocrx_word' id='word_1_247' title='bbox 441 2816 601 2878; x_wconf 82' lang='lat' dir='ltr'><strong>Altertddm</strong></span> <span class='ocrx_word' id='word_1_248' title='bbox 630 2816 661 2878; x_wconf 92' lang='lat' dir='ltr'><strong>in</strong></span> <span class='ocrx_word' id='word_1_249' title='bbox 688 2835 796 2879; x_wconf 90' lang='lat' dir='ltr'><strong>comm.</strong></span> <span class='ocrx_word' id='word_1_250' title='bbox 818 2819 898 2879; x_wconf 88' lang='lat' dir='ltr'><strong>acad.</strong></span> <span class='ocrx_word' id='word_1_251' title='bbox 919 2818 1013 2880; x_wconf 90' lang='lat' dir='ltr'><strong>Berol.</strong></span> <span class='ocrx_word' id='word_1_252' title='bbox 1038 2838 1064 2879; x_wconf 92' lang='lat' dir='ltr'><strong>a.</strong></span> <span class='ocrx_word' id='word_1_253' title='bbox 1090 2817 1170 2880; x_wconf 80' lang='lat'>1840</span> <span class='ocrx_word' id='word_1_254' title='bbox 1193 2837 1221 2898; x_wconf 93' lang='lat' dir='ltr'><strong>p.</strong></span> <span class='ocrx_word' id='word_1_255' title='bbox 1245 2817 1313 2897; x_wconf 86' lang='grc'>29),</span> <span class='ocrx_word' id='word_1_256' title='bbox 1345 2837 1413 2879; x_wconf 91' lang='lat' dir='ltr'><strong>cum</strong></span> <span class='ocrx_word' id='word_1_257' title='bbox 1441 2819 1602 2898; x_wconf 75' lang='lat' dir='ltr'><strong>Augustus</strong></span> 
     </span>
     <span class='ocr_line' id='line_1_26' title="bbox 234 2920 1602 3004; baseline 0.004 -23"><span class='ocrx_word' id='word_1_258' title='bbox 234 2929 350 3002; x_wconf 88' lang='lat' dir='ltr'><strong>praeter</strong></span> <span class='ocrx_word' id='word_1_259' title='bbox 378 2937 467 2981; x_wconf 90' lang='lat' dir='ltr'><strong>usum</strong></span> <span class='ocrx_word' id='word_1_260' title='bbox 495 2938 555 2981; x_wconf 90' lang='lat' dir='ltr'><strong>non</strong></span> <span class='ocrx_word' id='word_1_261' title='bbox 582 2920 773 3001; x_wconf 71' lang='lat' dir='ltr'><strong>quadragiens</strong></span> <span class='ocrx_word' id='word_1_262' title='bbox 800 2920 936 2994; x_wconf 83' lang='lat' dir='ltr'><strong>dixisset,</strong></span> <span class='ocrx_word' id='word_1_263' title='bbox 970 2922 1020 2983; x_wconf 92' lang='lat' dir='ltr'><strong>sed</strong></span> <span class='ocrx_word' id='word_1_264' title='bbox 1047 2920 1160 2983; x_wconf 90' lang='lat' dir='ltr'><strong>adiecto</strong></span> <span class='ocrx_word' id='word_1_265' title='bbox 1191 2940 1225 2981; x_wconf 94' lang='lat' dir='ltr'><strong>eo</strong></span> <span class='ocrx_word' id='word_1_266' title='bbox 1255 2920 1335 3000; x_wconf 87' lang='lat' dir='ltr'><strong>quod</strong></span> <span class='ocrx_word' id='word_1_267' title='bbox 1362 2921 1436 2984; x_wconf 92' lang='lat' dir='ltr'><strong>solet</strong></span> <span class='ocrx_word' id='word_1_268' title='bbox 1463 2923 1602 3004; x_wconf 81' lang='lat' dir='ltr'><strong>intellegi</strong></span> 
     </span>
     <span class='ocr_line' id='line_1_27' title="bbox 233 3023 1603 3107; baseline 0.002 -21"><span class='ocrx_word' id='word_1_269' title='bbox 233 3025 424 3107; x_wconf 73' lang='lat' dir='ltr'><strong>quadragiens</strong></span> <span class='ocrx_word' id='word_1_270' title='bbox 451 3032 564 3084; x_wconf 81' lang='lat' dir='ltr'><strong>centum</strong></span> <span class='ocrx_word' id='word_1_271' title='bbox 584 3023 680 3095; x_wconf 87' lang='lat' dir='ltr'><strong>milio,</strong></span> <span class='ocrx_word' id='word_1_272' title='bbox 708 3023 737 3085; x_wconf 92' lang='lat' dir='ltr'><strong>id</strong></span> <span class='ocrx_word' id='word_1_273' title='bbox 760 3025 873 3105; x_wconf 88' lang='lat' dir='ltr'><strong>accepit</strong></span> <span class='ocrx_word' id='word_1_274' title='bbox 893 3025 978 3105; x_wconf 90' lang='lat' dir='ltr'><strong>quasi</strong></span> <span class='ocrx_word' id='word_1_275' title='bbox 1000 3025 1121 3088; x_wconf 85' lang='lat' dir='ltr'><strong>dixisset</strong></span> <span class='ocrx_word' id='word_1_276' title='bbox 1142 3025 1333 3106; x_wconf 72' lang='lat' dir='ltr'><strong>quadragiens</strong></span> <span class='ocrx_word' id='word_1_277' title='bbox 1354 3026 1447 3087; x_wconf 86' lang='lat' dir='ltr'><strong>semel.</strong></span> <span class='ocrx_word' id='word_1_278' title='bbox 1491 3027 1603 3106; x_wconf 85' lang='lat' dir='ltr'><strong>ltaque</strong></span> 
     </span>
     <span class='ocr_line' id='line_1_28' title="bbox 233 3125 1603 3211; baseline 0.001 -22"><span class='ocrx_word' id='word_1_279' title='bbox 233 3130 384 3207; x_wconf 76' lang='lat' dir='ltr'><strong>Augustus</strong></span> <span class='ocrx_word' id='word_1_280' title='bbox 414 3125 602 3208; x_wconf 90' lang='lat' dir='ltr'><strong>praecipuam</strong></span> <span class='ocrx_word' id='word_1_281' title='bbox 634 3146 736 3188; x_wconf 90' lang='lat' dir='ltr'><strong>curam</strong></span> <span class='ocrx_word' id='word_1_282' title='bbox 766 3128 875 3190; x_wconf 85' lang='lat' dir='ltr'><strong>ducens</strong></span> <span class='ocrx_word' id='word_1_283' title='bbox 903 3147 1023 3190; x_wconf 90' lang='lat' dir='ltr'><strong>sensum</strong></span> <span class='ocrx_word' id='word_1_284' title='bbox 1050 3127 1141 3190; x_wconf 90' lang='lat' dir='ltr'><strong>animi</strong></span> <span class='ocrx_word' id='word_1_285' title='bbox 1167 3147 1255 3207; x_wconf 87' lang='lat' dir='ltr'><strong>quam</strong></span> <span class='ocrx_word' id='word_1_286' title='bbox 1284 3127 1468 3208; x_wconf 89' lang='lat' dir='ltr'><strong>apertissime</strong></span> <span class='ocrx_word' id='word_1_287' title='bbox 1493 3131 1603 3211; x_wconf 82' lang='lat' dir='ltr'><strong>expri-</strong></span> 
     </span>
     <span class='ocr_line' id='line_1_29' title="bbox 235 3212 1602 3311; baseline 0.002 -18"><span class='ocrx_word' id='word_1_288' title='bbox 235 3251 316 3293; x_wconf 90' lang='lat' dir='ltr'><strong>mere</strong></span> <span class='ocrx_word' id='word_1_289' title='bbox 345 3249 400 3291; x_wconf 89' lang='lat' dir='ltr'><strong>nec</strong></span> <span class='ocrx_word' id='word_1_290' title='bbox 426 3231 564 3293; x_wconf 88' lang='lat' dir='ltr'><strong>dubitans</strong></span> <span class='ocrx_word' id='word_1_291' title='bbox 593 3230 701 3309; x_wconf 76' lang='lat' dir='ltr'><strong>greum</strong></span> <span class='ocrx_word' id='word_1_292' title='bbox 728 3231 838 3311; x_wconf 87' lang='lat' dir='ltr'><strong>aliquid</strong></span> <span class='ocrx_word' id='word_1_293' title='bbox 860 3212 1026 3305; x_wconf 83' lang='lat' dir='ltr'><strong>detrahere,</strong></span> <span class='ocrx_word' id='word_1_294' title='bbox 1050 3241 1084 3294; x_wconf 94' lang='lat' dir='ltr'><strong>ut</strong></span> <span class='ocrx_word' id='word_1_295' title='bbox 1105 3232 1210 3293; x_wconf 88' lang='lat' dir='ltr'><strong>vitaret</strong></span> <span class='ocrx_word' id='word_1_296' title='bbox 1232 3231 1442 3294; x_wconf 85' lang='lat' dir='ltr'><strong>obscuritatem</strong></span> <span class='ocrx_word' id='word_1_297' title='bbox 1459 3235 1602 3306; x_wconf 76' lang='lat' dir='ltr'><strong>(Sueten.</strong></span> 
     </span>
     <span class='ocr_line' id='line_1_30' title="bbox 235 3333 1602 3416; baseline 0.001 -20"><span class='ocrx_word' id='word_1_298' title='bbox 235 3334 308 3414; x_wconf 79' lang='lat' dir='ltr'><strong>Aug.</strong></span> <span class='ocrx_word' id='word_1_299' title='bbox 325 3333 388 3413; x_wconf 85' lang='grc'>86),</span> <span class='ocrx_word' id='word_1_300' title='bbox 420 3342 454 3394; x_wconf 93' lang='lat' dir='ltr'><strong>ut</strong></span> <span class='ocrx_word' id='word_1_301' title='bbox 480 3335 522 3407; x_wconf 84' lang='lat' dir='ltr'><strong>fit,</strong></span> <span class='ocrx_word' id='word_1_302' title='bbox 551 3334 616 3416; x_wconf 91' lang='lat' dir='ltr'><strong>ipso</strong></span> <span class='ocrx_word' id='word_1_303' title='bbox 643 3334 736 3396; x_wconf 91' lang='lat' dir='ltr'><strong>nimio</strong></span> <span class='ocrx_word' id='word_1_304' title='bbox 763 3335 962 3414; x_wconf 81' lang='lat' dir='ltr'><strong>ambiguitatis</strong></span> <span class='ocrx_word' id='word_1_305' title='bbox 990 3337 1122 3398; x_wconf 84' lang='lat' dir='ltr'><strong>vitandae</strong></span> <span class='ocrx_word' id='word_1_306' title='bbox 1150 3336 1248 3397; x_wconf 90' lang='lat' dir='ltr'><strong>studio</strong></span> <span class='ocrx_word' id='word_1_307' title='bbox 1269 3335 1372 3398; x_wconf 91' lang='lat' dir='ltr'><strong>incidit</strong></span> <span class='ocrx_word' id='word_1_308' title='bbox 1393 3335 1424 3396; x_wconf 94' lang='lat' dir='ltr'><strong>in</strong></span> <span class='ocrx_word' id='word_1_309' title='bbox 1446 3336 1602 3416; x_wconf 88' lang='lat' dir='ltr'><strong>ambigui-</strong></span> 
     </span>
     <span class='ocr_line' id='line_1_31' title="bbox 237 3424 1607 3517; baseline 0.002 -16"><span class='ocrx_word' id='word_1_310' title='bbox 237 3447 339 3501; x_wconf 85' lang='lat' dir='ltr'><strong>tatem.</strong></span> <span class='ocrx_word' id='word_1_311' title='bbox 362 3474 402 3480; x_wconf 95' lang='lat'>—</span> <span class='ocrx_word' id='word_1_312' title='bbox 425 3437 491 3517; x_wconf 82' lang='lat' dir='ltr'><strong>Egit</strong></span> <span class='ocrx_word' id='word_1_313' title='bbox 520 3439 556 3500; x_wconf 90' lang='lat' dir='ltr'><strong>de</strong></span> <span class='ocrx_word' id='word_1_314' title='bbox 583 3439 639 3501; x_wconf 90' lang='lat' dir='ltr'><strong>hoo</strong></span> <span class='ocrx_word' id='word_1_315' title='bbox 667 3439 731 3501; x_wconf 91' lang='lat' dir='ltr'><strong>loco</strong></span> <span class='ocrx_word' id='word_1_316' title='bbox 753 3439 923 3500; x_wconf 86' lang='lat' dir='ltr'><strong>Huschhius</strong></span> <span class='ocrx_word' id='word_1_317' title='bbox 945 3424 1028 3515; x_wconf 74' lang='lat' dir='ltr'><strong>(iiber</strong></span> <span class='ocrx_word' id='word_1_318' title='bbox 1051 3441 1104 3500; x_wconf 83' lang='grc'><strong>3133</strong></span> <span class='ocrx_word' id='word_1_319' title='bbox 1126 3459 1183 3500; x_wconf 79' lang='lat' dir='ltr'><strong>zur</strong></span> <span class='ocrx_word' id='word_1_320' title='bbox 1205 3441 1263 3502; x_wconf 88' lang='lat' dir='ltr'><strong>Zeit</strong></span> <span class='ocrx_word' id='word_1_321' title='bbox 1285 3441 1336 3502; x_wconf 87' lang='lat' dir='ltr'><strong>der</strong></span> <span class='ocrx_word' id='word_1_322' title='bbox 1360 3440 1465 3503; x_wconf 82' lang='lat' dir='ltr'><strong>Gedurt</strong></span> <span class='ocrx_word' id='word_1_323' title='bbox 1491 3439 1607 3504; x_wconf 76' lang='lat' dir='ltr'><strong>Christi</strong></span> 
     </span>
     <span class='ocr_line' id='line_1_32' title="bbox 235 3541 1604 3623; baseline 0.003 -19"><span class='ocrx_word' id='word_1_324' title='bbox 235 3541 403 3623; x_wconf 78' lang='lat' dir='ltr'><strong>pedoltereeri</strong></span> <span class='ocrx_word' id='word_1_325' title='bbox 432 3541 540 3603; x_wconf 80' lang='grc'><strong>033333</strong></span> <span class='ocrx_word' id='word_1_326' title='bbox 562 3563 590 3623; x_wconf 97' lang='lat' dir='ltr'><strong>p.</strong></span> <span class='ocrx_word' id='word_1_327' title='bbox 607 3544 647 3604; x_wconf 90' lang='grc'><strong>47</strong></span> <span class='ocrx_word' id='word_1_328' title='bbox 661 3564 715 3623; x_wconf 77' lang='lat' dir='ltr'><strong>sq,</strong></span> <span class='ocrx_word' id='word_1_329' title='bbox 737 3543 809 3604; x_wconf 91' lang='lat' dir='ltr'><strong>item</strong></span> <span class='ocrx_word' id='word_1_330' title='bbox 831 3543 923 3605; x_wconf 88' lang='lat' dir='ltr'><strong>altero</strong></span> <span class='ocrx_word' id='word_1_331' title='bbox 945 3542 1042 3603; x_wconf 90' lang='lat' dir='ltr'><strong>libello</strong></span> <span class='ocrx_word' id='word_1_332' title='bbox 1064 3543 1135 3604; x_wconf 81' lang='grc'><strong>11133</strong></span> <span class='ocrx_word' id='word_1_333' title='bbox 1157 3543 1210 3604; x_wconf 82' lang='lat' dir='ltr'><strong>dere</strong></span> <span class='ocrx_word' id='word_1_334' title='bbox 1234 3543 1341 3606; x_wconf 79' lang='grc'><strong>0331333</strong></span> <span class='ocrx_word' id='word_1_335' title='bbox 1364 3546 1414 3605; x_wconf 86' lang='lat' dir='ltr'><strong>der</strong></span> <span class='ocrx_word' id='word_1_336' title='bbox 1435 3545 1604 3610; x_wconf 67' lang='lat' dir='ltr'><strong>lacescit</strong></span> 
     </span>
     <span class='ocr_line' id='line_1_33' title="bbox 235 3645 1605 3728; baseline 0.003 -22"><span class='ocrx_word' id='word_1_337' title='bbox 235 3667 263 3728; x_wconf 92' lang='lat' dir='ltr'><strong>p.</strong></span> <span class='ocrx_word' id='word_1_338' title='bbox 281 3651 315 3721; x_wconf 79' lang='lat' dir='ltr'><strong>x)</strong></span> <span class='ocrx_word' id='word_1_339' title='bbox 343 3645 496 3724; x_wconf 89' lang='lat' dir='ltr'><strong>diligenter</strong></span> <span class='ocrx_word' id='word_1_340' title='bbox 525 3645 617 3725; x_wconf 89' lang='lat' dir='ltr'><strong>magis</strong></span> <span class='ocrx_word' id='word_1_341' title='bbox 645 3665 733 3725; x_wconf 88' lang='lat' dir='ltr'><strong>quarn</strong></span> <span class='ocrx_word' id='word_1_342' title='bbox 761 3645 899 3707; x_wconf 83' lang='lat' dir='ltr'><strong>feliciter:</strong></span> <span class='ocrx_word' id='word_1_343' title='bbox 928 3646 967 3707; x_wconf 90' lang='lat' dir='ltr'><strong>ita</strong></span> <span class='ocrx_word' id='word_1_344' title='bbox 999 3654 1057 3706; x_wconf 91' lang='lat' dir='ltr'><strong>tres</strong></span> <span class='ocrx_word' id='word_1_345' title='bbox 1085 3646 1138 3706; x_wconf 94' lang='lat' dir='ltr'><strong>hos</strong></span> <span class='ocrx_word' id='word_1_346' title='bbox 1165 3665 1271 3706; x_wconf 86' lang='lat' dir='ltr'><strong>census</strong></span> <span class='ocrx_word' id='word_1_347' title='bbox 1294 3665 1324 3707; x_wconf 92' lang='lat' dir='ltr'><strong>re</strong></span> <span class='ocrx_word' id='word_1_348' title='bbox 1348 3647 1478 3708; x_wconf 84' lang='lat' dir='ltr'><strong>diversos</strong></span> <span class='ocrx_word' id='word_1_349' title='bbox 1501 3647 1605 3710; x_wconf 85' lang='lat' dir='ltr'><strong>luisse</strong></span> 
     </span>
     <span class='ocr_line' id='line_1_34' title="bbox 236 3749 1606 3831; baseline 0.001 -21"><span class='ocrx_word' id='word_1_350' title='bbox 236 3749 329 3811; x_wconf 90' lang='lat' dir='ltr'><strong>voluit</strong></span> <span class='ocrx_word' id='word_1_351' title='bbox 350 3757 504 3830; x_wconf 89' lang='lat' dir='ltr'><strong>propterea</strong></span> <span class='ocrx_word' id='word_1_352' title='bbox 527 3750 606 3827; x_wconf 90' lang='lat' dir='ltr'><strong>quod</strong></span> <span class='ocrx_word' id='word_1_353' title='bbox 628 3749 743 3831; x_wconf 86' lang='lat' dir='ltr'><strong>primus</strong></span> <span class='ocrx_word' id='word_1_354' title='bbox 766 3751 846 3810; x_wconf 89' lang='lat' dir='ltr'><strong>solus</strong></span> <span class='ocrx_word' id='word_1_355' title='bbox 870 3749 976 3810; x_wconf 91' lang='lat' dir='ltr'><strong>diserte</strong></span> <span class='ocrx_word' id='word_1_356' title='bbox 997 3749 1158 3829; x_wconf 90' lang='lat' dir='ltr'><strong>appellatur</strong></span> <span class='ocrx_word' id='word_1_357' title='bbox 1181 3769 1278 3811; x_wconf 85' lang='lat' dir='ltr'><strong>cousus</strong></span> <span class='ocrx_word' id='word_1_358' title='bbox 1297 3751 1405 3830; x_wconf 79' lang='lat' dir='ltr'><strong>pepedi,</strong></span> <span class='ocrx_word' id='word_1_359' title='bbox 1427 3769 1523 3829; x_wconf 87' lang='lat' dir='ltr'><strong>neque</strong></span> <span class='ocrx_word' id='word_1_360' title='bbox 1545 3751 1606 3812; x_wconf 88' lang='lat' dir='ltr'><strong>in-</strong></span> 
     </span>
     <span class='ocr_line' id='line_1_35' title="bbox 237 3852 1604 3933; baseline 0.002 -19"><span class='ocrx_word' id='word_1_361' title='bbox 237 3852 348 3914; x_wconf 76' lang='lat' dir='ltr'><strong>tellexit</strong></span> <span class='ocrx_word' id='word_1_362' title='bbox 369 3853 545 3931; x_wconf 80' lang='lat' dir='ltr'><strong>Augustum,</strong></span> <span class='ocrx_word' id='word_1_363' title='bbox 567 3863 601 3914; x_wconf 92' lang='lat' dir='ltr'><strong>ut</strong></span> <span class='ocrx_word' id='word_1_364' title='bbox 621 3871 675 3933; x_wconf 90' lang='lat' dir='ltr'><strong>par</strong></span> <span class='ocrx_word' id='word_1_365' title='bbox 697 3863 767 3925; x_wconf 89' lang='lat' dir='ltr'><strong>erat,</strong></span> <span class='ocrx_word' id='word_1_366' title='bbox 791 3853 922 3933; x_wconf 89' lang='lat' dir='ltr'><strong>primum</strong></span> <span class='ocrx_word' id='word_1_367' title='bbox 945 3871 1033 3913; x_wconf 89' lang='lat' dir='ltr'><strong>usum</strong></span> <span class='ocrx_word' id='word_1_368' title='bbox 1056 3871 1120 3914; x_wconf 90' lang='lat' dir='ltr'><strong>esse</strong></span> <span class='ocrx_word' id='word_1_369' title='bbox 1135 3852 1177 3913; x_wconf 89' lang='lat' dir='ltr'><strong>rei</strong></span> <span class='ocrx_word' id='word_1_370' title='bbox 1193 3852 1276 3932; x_wconf 88' lang='lat' dir='ltr'><strong>plena</strong></span> <span class='ocrx_word' id='word_1_371' title='bbox 1292 3853 1468 3926; x_wconf 87' lang='lat' dir='ltr'><strong>delinitione,</strong></span> <span class='ocrx_word' id='word_1_372' title='bbox 1492 3863 1604 3933; x_wconf 87' lang='lat' dir='ltr'><strong>postea</strong></span> 
     </span>
     <span class='ocr_line' id='line_1_36' title="bbox 237 3955 1606 4036; baseline 0.001 -18"><span class='ocrx_word' id='word_1_373' title='bbox 237 3956 371 4018; x_wconf 85' lang='lat' dir='ltr'><strong>breviore</strong></span> <span class='ocrx_word' id='word_1_374' title='bbox 393 3956 612 4035; x_wconf 85' lang='lat' dir='ltr'><strong>significatione,</strong></span> <span class='ocrx_word' id='word_1_375' title='bbox 635 3965 665 4018; x_wconf 91' lang='lat' dir='ltr'><strong>et</strong></span> <span class='ocrx_word' id='word_1_376' title='bbox 687 3965 764 4018; x_wconf 90' lang='lat' dir='ltr'><strong>recte</strong></span> <span class='ocrx_word' id='word_1_377' title='bbox 787 3955 909 4017; x_wconf 87' lang='lat' dir='ltr'><strong>omnino</strong></span> <span class='ocrx_word' id='word_1_378' title='bbox 933 3957 1107 4018; x_wconf 90' lang='lat' dir='ltr'><strong>Suetonium</strong></span> <span class='ocrx_word' id='word_1_379' title='bbox 1130 3957 1214 4036; x_wconf 76' lang='lat' dir='ltr'><strong>(hug.</strong></span> <span class='ocrx_word' id='word_1_380' title='bbox 1231 3955 1284 4034; x_wconf 90' lang='grc'><strong>27)</strong></span> <span class='ocrx_word' id='word_1_381' title='bbox 1307 3957 1387 4018; x_wconf 88' lang='lat' dir='ltr'><strong>hunc</strong></span> <span class='ocrx_word' id='word_1_382' title='bbox 1410 3961 1606 4021; x_wconf 86' lang='lat' dir='ltr'><strong>monumenti</strong></span> 
     </span>
     <span class='ocr_line' id='line_1_37' title="bbox 238 4059 1089 4141; baseline -0.001 -19"><span class='ocrx_word' id='word_1_383' title='bbox 238 4061 337 4122; x_wconf 91' lang='lat' dir='ltr'><strong>locum</strong></span> <span class='ocrx_word' id='word_1_384' title='bbox 360 4060 482 4123; x_wconf 90' lang='lat' dir='ltr'><strong>reddere</strong></span> <span class='ocrx_word' id='word_1_385' title='bbox 503 4059 551 4122; x_wconf 92' lang='lat' dir='ltr'><strong>his</strong></span> <span class='ocrx_word' id='word_1_386' title='bbox 572 4061 685 4122; x_wconf 89' lang='lat' dir='ltr'><strong>verbis:</strong></span> <span class='ocrx_word' id='word_1_387' title='bbox 709 4077 823 4123; x_wconf 82' lang='grc'><strong>33333333</strong></span> <span class='ocrx_word' id='word_1_388' title='bbox 840 4061 943 4141; x_wconf 84' lang='lat' dir='ltr'><strong>populi</strong></span> <span class='ocrx_word' id='word_1_389' title='bbox 963 4071 1007 4123; x_wconf 88' lang='lat' dir='ltr'><strong>ter</strong></span> <span class='ocrx_word' id='word_1_390' title='bbox 1028 4065 1089 4140; x_wconf 78' lang='lat' dir='ltr'><strong>epit.</strong></span> 
     </span>
    </p>
   </div>
   <div class='ocr_carea' id='block_1_3' title="bbox 283 4369 1606 4556">
    <p class='ocr_par' dir='ltr' id='par_1_4' title="bbox 283 4369 1606 4556">
     <span class='ocr_line' id='line_1_38' title="bbox 283 4369 1605 4450; baseline 0.002 -19"><span class='ocrx_word' id='word_1_391' title='bbox 283 4390 347 4432; x_wconf 78' lang='lat' dir='ltr'><strong>uir.</strong></span> <span class='ocrx_word' id='word_1_392' title='bbox 363 4372 393 4446; x_wconf 86' lang='grc'><strong>2,</strong></span> <span class='ocrx_word' id='word_1_393' title='bbox 410 4393 449 4435; x_wconf 85' lang='grc'><strong>33</strong></span> <span class='ocrx_word' id='word_1_394' title='bbox 480 4370 608 4449; x_wconf 80' lang='grc'><strong>[11333313</strong></span> <span class='ocrx_word' id='word_1_395' title='bbox 631 4371 776 4433; x_wconf 87' lang='lat' dir='ltr'><strong>consulari</strong></span> <span class='ocrx_word' id='word_1_396' title='bbox 803 4389 872 4432; x_wconf 91' lang='lat' dir='ltr'><strong>cum</strong></span> <span class='ocrx_word' id='word_1_397' title='bbox 900 4369 1024 4450; x_wconf 87' lang='lat' dir='ltr'><strong>imperio</strong></span> <span class='ocrx_word' id='word_1_398' title='bbox 1050 4370 1176 4431; x_wconf 82' lang='lat' dir='ltr'><strong>lustrum</strong></span> <span class='ocrx_word' id='word_1_399' title='bbox 1197 4369 1201 4450; x_wconf 91' lang='grc' dir='ltr'>Ι</span> <span class='ocrx_word' id='word_1_400' title='bbox 1222 4371 1319 4448; x_wconf 80' lang='lat' dir='ltr'><strong>[sldlus</strong></span> <span class='ocrx_word' id='word_1_401' title='bbox 1346 4371 1401 4433; x_wconf 78' lang='lat' dir='ltr'><strong>leci</strong></span> <span class='ocrx_word' id='word_1_402' title='bbox 1429 4372 1459 4432; x_wconf 83' lang='lat' dir='ltr'><strong>C.</strong></span> <span class='ocrx_word' id='word_1_403' title='bbox 1483 4370 1605 4434; x_wconf 86' lang='lat' dir='ltr'><strong>Censo-</strong></span> 
     </span>
     <span class='ocr_line' id='line_1_39' title="bbox 442 4472 1606 4556; baseline 0.003 -22"><span class='ocrx_word' id='word_1_404' title='bbox 442 4495 455 4534; x_wconf 83' lang='lat' dir='ltr'><strong>r</strong></span> <span class='ocrx_word' id='word_1_405' title='bbox 486 4475 560 4553; x_wconf 76' lang='grc'><strong>3313</strong></span> <span class='ocrx_word' id='word_1_406' title='bbox 581 4486 607 4536; x_wconf 91' lang='grc'><strong>31</strong></span> <span class='ocrx_word' id='word_1_407' title='bbox 624 4475 665 4552; x_wconf 81' lang='grc'><strong>0.]</strong></span> <span class='ocrx_word' id='word_1_408' title='bbox 684 4474 785 4536; x_wconf 79' lang='lat' dir='ltr'><strong>Asinio</strong></span> <span class='ocrx_word' id='word_1_409' title='bbox 808 4477 902 4548; x_wconf 78' lang='lat' dir='ltr'><strong>cos.§</strong></span> <span class='ocrx_word' id='word_1_410' title='bbox 935 4473 1000 4546; x_wconf 84' lang='lat' dir='ltr'><strong>Qud</strong></span> <span class='ocrx_word' id='word_1_411' title='bbox 1023 4472 1117 4535; x_wconf 88' lang='lat' dir='ltr'><strong>ldstro</strong></span> <span class='ocrx_word' id='word_1_412' title='bbox 1140 4493 1225 4536; x_wconf 86' lang='lat' dir='ltr'><strong>censa</strong></span> <span class='ocrx_word' id='word_1_413' title='bbox 1247 4473 1606 4556; x_wconf 75' lang='grc'><strong>3331131313311333-</strong></span> 
     </span>
    </p>
   </div>
   <div class='ocr_carea' id='block_1_4' title="bbox 440 4576 1606 4757">
    <p class='ocr_par' dir='ltr' id='par_1_5' title="bbox 440 4576 1606 4757">
     <span class='ocr_line' id='line_1_40' title="bbox 440 4576 1606 4658; baseline 0.005 -22"><span class='ocrx_word' id='word_1_414' title='bbox 440 4592 455 4636; x_wconf 91' lang='grc'><strong>3</strong></span> <span class='ocrx_word' id='word_1_415' title='bbox 483 4578 599 4653; x_wconf 77' lang='grc'><strong>3131133</strong></span> <span class='ocrx_word' id='word_1_416' title='bbox 621 4580 722 4658; x_wconf 81' lang='lat' dir='ltr'><strong>capite]</strong></span> <span class='ocrx_word' id='word_1_417' title='bbox 744 4577 938 4658; x_wconf 88' lang='lat' dir='ltr'><strong>quadragiens</strong></span> <span class='ocrx_word' id='word_1_418' title='bbox 960 4585 1080 4638; x_wconf 89' lang='lat' dir='ltr'><strong>centum</strong></span> <span class='ocrx_word' id='word_1_419' title='bbox 1103 4578 1191 4639; x_wconf 87' lang='lat' dir='ltr'><strong>millia</strong></span> <span class='ocrx_word' id='word_1_420' title='bbox 1207 4587 1236 4640; x_wconf 90' lang='grc'><strong>31</strong></span> <span class='ocrx_word' id='word_1_421' title='bbox 1255 4576 1389 4656; x_wconf 80' lang='grc'><strong>1111333113</strong></span> <span class='ocrx_word' id='word_1_422' title='bbox 1405 4577 1525 4657; x_wconf 87' lang='lat' dir='ltr'><strong>triginta</strong></span> <span class='ocrx_word' id='word_1_423' title='bbox 1545 4581 1606 4643; x_wconf 91' lang='lat' dir='ltr'><strong>tria</strong></span> 
     </span>
     <span class='ocr_line' id='line_1_41' title="bbox 487 4680 609 4757; baseline 0.008 -16"><span class='ocrx_word' id='word_1_424' title='bbox 487 4680 609 4757; x_wconf 78' lang='grc'><strong>31111131.</strong></span> 
     </span>
    </p>
   </div>
   <div class='ocr_carea' id='block_1_5' title="bbox 0 0 1789 5417">
    <p class='ocr_par' dir='ltr' id='par_1_6' title="bbox 0 0 1789 5417">
     <span class='ocr_line' id='line_1_42' title="bbox 0 0 1789 5417; baseline 0 0"><span class='ocrx_word' id='word_1_425' title='bbox 0 0 1789 5417; x_wconf 95' lang='lat' dir='ltr'><strong> </strong></span> 
     </span>
    </p>
   </div>
  </div>
 </body>
</html>
