3525 5417
743 303 766 370 1,
784 304 817 360 21
836 304 871 358 22

155 578 217 620 mr.
236 560 262 633 1,
277 577 302 621 aa
320 575 348 620 aa
375 555 593 637 etappelldltau
613 575 677 618 sum
697 559 804 619 vieiees
822 553 828 638 Ι
845 556 943 635 ee]mel
964 555 1133 636 imperator.

181 680 226 722 ca.
241 661 270 734 2,
286 681 299 722 e
316 679 342 722 ao
372 655 567 738 Eleoloedarg
589 657 646 721 καὶ
669 653 761 732 ἅπαξ
780 655 1054 744 προσηγορεύθην
1075 653 1302 744 αὐτο]κράτωρ.

133 792 173 852 Ad
193 790 319 872 Augusti
341 788 544 871 imperatorias
566 788 787 853 acclamationes
810 787 1046 851 determinandas
1068 789 1178 870 placuit
1198 790 1331 852 subicere
1356 791 1482 853 indicem

132 894 367 957 testimoniorum
389 912 456 956 cnm
479 893 557 973 apud
578 900 712 954 auctores
734 900 797 955 tum
820 891 851 952 in
873 892 966 954 titulis
988 892 1154 954 nummisve
1174 895 1268 956 adbuc
1288 905 1483 977 repertorum,

132 1008 275 1078 quatenus
307 997 380 1059 mihi
409 997 620 1070 innotuerunt,
652 995 772 1057 adiectis
801 994 872 1056 item
904 994 1079 1058 testimoniis
1101 994 1246 1059 similibus
1267 997 1483 1077 pertinentibus

131 1104 165 1164 ad
187 1101 337 1164 Tiberium
360 1119 428 1162 cum
449 1098 590 1178 Augustis
610 1107 672 1161 arte
694 1097 868 1160 coniunctis.
915 1100 993 1161 Sunt
1023 1099 1095 1160 haec
1127 1117 1181 1180 pro
1215 1117 1340 1162 numero
1374 1120 1483 1164 monu-

131 1214 298 1268 mentorum
321 1223 396 1284 quae
418 1211 578 1285 supersunt
605 1204 636 1265 in
662 1202 805 1264 bonorem
826 1202 951 1282 Augusti
973 1202 1174 1264 dedicatorum
1197 1203 1354 1266 admodum
1378 1225 1484 1285 pauca3

130 1327 196 1369 nam
233 1307 265 1370 in
300 1306 364 1368 eius
392 1305 555 1367 honoribus
584 1305 793 1367 enumerandis
822 1306 1044 1368 acclamationes
1072 1305 1276 1386 imperatoriae
1306 1307 1486 1370 omittuntur

130 1410 244 1493 saepius
274 1429 363 1491 quam
385 1418 548 1490 ponuntur,
570 1427 666 1489 neque
688 1415 768 1470 extat
789 1407 867 1488 quod
891 1407 981 1470 sciam
1005 1408 1108 1471 titulus
1130 1409 1258 1472 Graecus
1280 1429 1328 1473 eas
1351 1430 1483 1474 comme-

129 1533 255 1576 morans.
299 1512 452 1575 Praeterea
475 1511 712 1574 testimoniorum
735 1529 810 1590 qnae
842 1518 1005 1592 supersunt
1037 1511 1187 1594 complura
1220 1522 1250 1575 et
1280 1513 1310 1574 in
1344 1515 1391 1576 bis
1422 1534 1482 1577 non

127 1636 218 1698 pauca
240 1617 367 1699 optimae
389 1614 571 1677 auctoritatis
592 1614 719 1696 speciem
741 1633 811 1695 prae
833 1634 864 1676 se
890 1614 1011 1677 ferentia
1040 1615 1179 1678 mendosa
1202 1626 1272 1679 sunt
1294 1625 1324 1680 et
1344 1637 1379 1680 ex
1401 1627 1483 1698 parte

128 1739 273 1802 perversa.
316 1719 388 1783 Vide
414 1718 504 1800 igitur
529 1737 628 1780 annon
656 1719 692 1780 de
718 1717 976 1781 acclamationibus
1001 1719 1059 1781 illis
1081 1739 1166 1800 saepe
1188 1720 1357 1802 imperatori
1379 1722 1483 1783 oblatis

128 1843 223 1905 neque
245 1822 371 1904 receptis
393 1841 426 1884 ca
448 1830 623 1903 tempestate
645 1821 759 1902 publica
782 1821 956 1884 auctoritate
975 1841 1080 1903 parum
1096 1823 1260 1886 constiterit
1274 1824 1357 1888 etita
1372 1826 1480 1887 lactum

129 1928 175 2000 sit,
198 1937 233 1990 ut
254 1925 493 2007 frequentissime
514 1925 546 1987 in
569 1925 612 1988 eis
634 1933 790 1987 erraretur.

170 2050 286 2094 a.n.c.
310 2032 369 2101 711
393 2029 521 2110 Apr.15
543 2029 604 2090 lare.

226 2134 333 2195 Caesar
353 2132 511 2213 imperium
534 2132 658 2212 adeptus
680 2150 706 2193 a.
724 2133 782 2193 711
800 2133 860 2195 lan.
877 2134 896 2194 7
918 2141 987 2213 post
1007 2133 1117 2215 proelia
1132 2132 1308 2197 Mutinensia
1325 2135 1484 2216 imperator

225 2237 388 2318 appellatus
422 2243 467 2297 est
501 2235 548 2296 die
578 2243 612 2296 ut
639 2235 755 2297 videtur
782 2236 852 2317 Apr.
877 2237 925 2297 15.
975 2236 1016 2298 Cl.
1040 2237 1139 2299 leriale
1166 2239 1331 2300 Cumanum
1358 2239 1389 2300 C.
1412 2239 1433 2299 l.
1450 2238 1482 2299 L.

225 2341 262 2414 Χ,
286 2339 369 2402 8375
392 2347 422 2401 et
442 2337 497 2400 Ilio
513 2339 564 2410 46,
587 2337 628 2401 38
651 2358 784 2420 quaeque
810 2358 863 2418 ego
886 2339 1007 2420 exposui
1029 2340 1061 2402 in
1084 2340 1208 2403 Hermae
1231 2342 1285 2403 vol.
1305 2342 1343 2402 17
1366 2361 1394 2423 p.
1411 2341 1482 2404 635.

227 2444 337 2508 Caesar
364 2447 433 2523 imp.
456 2442 603 2523 reperitur
631 2445 693 2504 iere
716 2445 745 2505 in
768 2443 901 2505 nummis
924 2443 1039 2505 Caesari
1060 2444 1120 2506 filio
1142 2453 1172 2506 et
1194 2445 1230 2506 Μ.
1246 2444 1374 2507 Antonio
1396 2445 1483 2525 Lepi-

226 2549 300 2609 dove
328 2545 537 2608 communibus
564 2545 678 2625 (Coben
700 2566 729 2626 p.
753 2545 793 2607 34
816 2565 846 2607 n.
872 2546 951 2606 1.2·
983 2566 1011 2626 p.
1028 2547 1068 2609 48
1091 2566 1120 2609 n.
1139 2550 1166 2607 1.
1190 2546 1219 2608 2.
1243 2547 1271 2610 3.
1296 2549 1324 2609 5.
1347 2549 1377 2610 6.
1400 2550 1429 2609 7.
1453 2547 1482 2610 8.

225 2652 259 2732 9)
281 2649 379 2713 addito
402 2667 488 2729 saepe
508 2648 693 2711 triumviratu
712 2649 755 2711 rei
770 2650 903 2730 publicae
919 2649 1139 2716 constituendae
1155 2650 1391 2732 sacerdotisque,
1414 2671 1482 2714 cum

226 2755 258 2815 in
280 2753 413 2816 nummis
436 2771 490 2815 suo
513 2751 602 2814 nnius
624 2752 745 2814 nomine
760 2753 881 2833 signatis
896 2755 933 2816 ab
947 2753 1133 2834 imperaturis
1149 2755 1233 2817 titulo
1249 2755 1402 2818 abstineat.
1440 2756 1482 2816 Ex

225 2857 273 2920 his
299 2856 431 2919 nummis
463 2855 597 2936 quidam,
626 2864 660 2918 ut
685 2875 844 2937 percussus
872 2857 955 2921 iussu
978 2857 1015 2918 Μ.
1036 2857 1163 2920 Barbatii
1185 2859 1416 2940 proqnaestoris,
1447 2861 1483 2922 ad

225 2982 252 3023 a.
275 2959 336 3022 713
359 2959 521 3041 pertinent3
548 2958 705 3021 verisimile
731 2959 821 3040 igitur
851 2960 954 3023 estad
983 2979 1049 3022 enm
1080 2980 1173 3041 usque
1195 2980 1305 3024 annum
1330 2961 1481 3025 Caesarem

223 3063 443 3145 imperatoriam
472 3061 710 3124 acclamationem
739 3082 798 3125 non
829 3063 966 3138 iterasse,
994 3083 1090 3144 neque
1123 3073 1220 3127 tamen
1255 3073 1385 3140 certum,
1414 3084 1481 3127 nam

224 3167 341 3229 iteratio
362 3166 417 3228 hac
438 3175 532 3228 aetate
553 3185 638 3246 saepe
661 3166 860 3229 omittebatur.
903 3168 983 3230 ldem
1011 3167 1140 3249 pertinet
1165 3168 1202 3229 ad
1224 3167 1343 3230 titulum
1368 3167 1483 3231 Saticu-

224 3272 336 3333 lensem
365 3270 396 3331 C.
418 3270 439 3331 l.
460 3270 493 3331 L.
513 3270 568 3346 lx,
598 3269 681 3331 2142
709 3269 874 3333 dedicatum
901 3270 930 3332 C.
952 3270 1026 3333 lulio
1052 3271 1082 3334 C.
1103 3273 1128 3353 f.
1150 3271 1268 3335 Caesari
1287 3277 1357 3354 imp.
1379 3277 1482 3335 mum-

229 3377 292 3435 ot'rc
314 3391 341 3433 r.
355 3390 384 3453 p.
400 3393 423 3434 o.

169 3475 427 3537 ......lrre.n.

226 3578 405 3642 Testimonia
428 3580 544 3642 desunt.
587 3582 647 3644 Aut
671 3582 747 3644 hanc
774 3591 825 3644 aut
854 3581 970 3643 tertiam
1000 3581 1236 3644 acclamationem
1264 3581 1482 3663 imperatoriam

226 3692 304 3746 recte
326 3701 394 3744 cum
410 3683 569 3762 Borghesio
589 3686 670 3766 (opp.
688 3685 716 3759 2,
734 3685 787 3763 43)
809 3687 973 3746 reseremus
995 3685 1211 3748 adorationem
1235 3695 1356 3768 propter
1370 3704 1482 3768 pacem,

226 3805 314 3866 quam
337 3804 404 3848 cum
427 3785 465 3846 Μ.
481 3786 610 3850 Antonio
631 3789 709 3861 lecit,
732 3788 847 3850 Caesari
870 3788 1016 3851 decretam
1040 3808 1065 3851 a.
1083 3790 1144 3849 714
1167 3791 1207 3871 (v.
1224 3789 1258 3851 ad
1284 3791 1311 3862 1,
1327 3788 1392 3868 21).

166 3899 235 3952 ante
257 3909 283 3951 a.
300 3909 329 3950 n.
345 3909 370 3950 c.
394 3890 456 3950 717
478 3889 540 3950 lara.
555 3908 598 3952 ιιι.

224 3991 321 4055 Huius
341 3991 558 4054 acclamationis
575 4003 680 4056 testem
696 3994 840 4057 habemus
854 4013 1013 4056 nummum
1031 3995 1206 4077 inscriptum
1222 4001 1290 4077 imp.
1307 3998 1367 4058 da'oe'
1379 3996 1440 4059 lule·
1457 3999 1484 4077 f.

226 4106 278 4157 ter.
293 4115 333 4155 ιιι
348 4100 395 4157 uir
407 4115 433 4157 r.
445 4115 475 4177 p.
493 4095 530 4175 c.)
545 4096 596 4177 (Μ.
613 4098 738 4180 Agrippa
752 4115 806 4161 eoa.
824 4101 907 4181 deo'p.
924 4099 1036 4180 (Cohen
1047 4098 1164 4180 Vipsan.
1178 4099 1219 4176 3),
1235 4100 1286 4162 ubi
1300 4099 1483 4181 imp(erotcr)

226 4200 367 4280 telarum)
389 4199 569 4279 iungendum
592 4219 657 4263 esse
679 4201 765 4263 docui
786 4202 862 4282 apud
883 4202 1075 4282 Burgbesium
1098 4222 1165 4284 opp.
1182 4202 1211 4278 2,
1235 4202 1297 4264 252
1320 4214 1350 4267 et
1370 4203 1483 4268 Stoots-

228 4303 304 4364 reeta
326 4302 363 4362 2¹
383 4324 412 4384 p.
428 4303 501 4366 687.
525 4303 596 4366 758.
645 4303 769 4384 Agrippa
792 4306 908 4384 quando
931 4307 1035 4368 consul
1058 4309 1226 4387 designatus
1249 4308 1296 4382 sit,
1319 4308 1483 4385 nescimus3

223 4403 291 4466 iniit
317 4405 503 4469 consulatum
531 4407 577 4469 die
602 4408 705 4469 1.1an.
723 4408 794 4469 717.
816 4445 858 4453 -
880 4409 1004 4471 Causam
1028 4411 1242 4475 acclamationis
1266 4412 1367 4475 tertiae
1390 4413 1483 4493 Borg-

225 4508 325 4570 hesius
346 4509 366 4569 l.
383 4528 408 4570 c.
430 4510 566 4592 repetivit
588 4529 624 4572 ex
647 4511 782 4573 oratione
806 4511 903 4575 Sicula
924 4533 950 4576 a.
966 4514 1042 4590 7183
1073 4524 1104 4578 at
1124 4535 1192 4579 cum
1216 4515 1314 4578 obstet
1341 4535 1482 4580 nummus

224 4612 312 4674 modo
334 4615 525 4688 memoratus,
549 4614 604 4677 alia
627 4614 747 4678 victoria
770 4615 882 4692 subest,
905 4627 940 4680 nt
961 4627 1108 4700 reportata
1130 4639 1147 4681 a
1170 4619 1207 4681 ld.
1223 4619 1350 4701 Agrippa
1370 4639 1396 4681 a.
1420 4621 1482 4683 716

222 4715 259 4777 de
280 4715 434 4798 Aquitanis
457 4727 487 4782 et
509 4718 672 4782 Germanis.
