3525 5417
746 335 876 401 nvem
1056 405 1060 414 .
1468 339 1516 422 9Ι

135 537 167 579 se
193 518 375 598 praedicare,
401 517 480 597 quod
501 517 650 596 praedicat
669 517 821 596 Augustus
851 524 1007 577 enervatus
1036 516 1166 596 Bergldi,
1185 536 1278 596 agros
1301 537 1332 578 se
1354 517 1488 596 adsigna-

135 621 226 687 visse.
253 621 282 682 id
309 622 388 701 quod
416 623 545 682 fecerant
574 619 672 690 multi,
703 620 753 680 sed
782 637 867 698 agros
890 617 1086 697 adsignavisse
1108 638 1124 678 a
1148 637 1179 680 se
1202 628 1335 699 emptos,
1358 619 1387 680 id
1409 619 1488 699 quod

133 723 198 804 ipse
220 723 289 786 lecit
309 724 441 805 primus,
464 722 599 784 similiter
620 741 679 783 non
702 724 830 803 praemia
852 741 884 782 se
907 721 1027 782 solvisse
1051 720 1202 794 militibus,
1224 741 1298 801 quae
1321 722 1488 785 communis

133 837 196 888 erat
218 827 281 889 laus
303 827 516 908 imperatorum
538 826 681 897 omnium,
704 826 754 885 sed
778 824 899 886 solvisse
922 825 956 884 de
980 823 1156 904 patrimonio
1176 823 1297 904 privato.
1335 825 1488 888 Praeterea

134 931 372 1012 supplementum
396 931 474 1009 quod
498 931 761 1012 estproprocda'ia
783 927 960 989 eonomine
983 938 1084 1008 aptum
1112 937 1166 1001 est,
1192 929 1271 1009 quod
1298 929 1351 990 llio
1374 931 1423 1002 54,
1447 930 1487 991 25

133 1035 168 1096 ad
192 1055 217 1096 a.
235 1036 293 1095 741
319 1034 361 1095 sic
384 1034 500 1096 scribit:
534 1031 663 1105 διέταξε
688 1028 730 1093 coi
755 1055 790 1094 aa
817 1029 872 1113 ἔτη
906 1027 969 1093 ὅσα
1003 1027 1035 1092 οἱ
1069 1031 1206 1094 πολῖται
1241 1029 1488 1114 σιρατεύοοιντο

32 1125 35 1130 ’
133 1139 189 1198 καὶ
212 1136 254 1199 τὰ
275 1135 425 1221 χρήματα
452 1130 515 1198 ὅσοι
543 1133 752 1216 παυσάμενοι
779 1135 834 1218 τῆς
860 1136 1032 1217 στρατείας
1055 1129 1125 1196 ἀντὶ
1153 1135 1208 1220 τῆς
1236 1135 1343 1217 χώρας
1369 1131 1409 1219 ἢν
1436 1133 1488 1198 det

133 1262 216 1304 ποτε
240 1238 338 1326 placem
359 1237 521 1324 λήψοιντο
544 1240 594 1319 (ο1.
621 1240 780 1302 Suetonius
802 1241 875 1319 Aug.
899 1241 955 1301 49:
987 1240 1121 1322 quidquid
1142 1241 1243 1322 ubique
1265 1241 1388 1304 militum
1409 1252 1487 1315 essct,

133 1347 172 1407 od
193 1357 301 1408 certem
322 1345 523 1426 stipendiorum
542 1349 791 1426 praemiorumque
817 1343 977 1423 formulam
1010 1343 1194 1424 odatvv'nma‘t);
1224 1363 1293 1406 nam
1321 1365 1388 1407 cum
1420 1346 1488 1408 inde

132 1459 270 1530 appareat
302 1457 370 1528 post
403 1466 540 1527 agrorum
578 1446 809 1526 adsignationem
848 1446 992 1508 veteranis
1031 1449 1137 1509 lactem
1170 1468 1196 1510 a.
1223 1450 1284 1510 740
1320 1449 1487 1529 Augustum

134 1552 282 1625 statuisse,
312 1562 346 1614 ut
372 1551 402 1612 in
426 1555 560 1613 luturum
583 1572 637 1632 pro
659 1552 736 1630 agris
759 1550 881 1631 pecunia
905 1550 1049 1612 veteranis
1072 1551 1200 1624 daretur,
1227 1561 1305 1612 recte
1334 1552 1362 1613 id
1389 1551 1487 1632 ipsum

133 1656 275 1718 hocloco
298 1654 454 1736 significari
484 1655 589 1736 potuit.
634 1656 734 1735 ltaque
757 1662 791 1716 ut
819 1654 939 1716 minime
967 1657 1113 1716 contendo
1139 1654 1201 1734 ipsa
1233 1655 1373 1736 principis
1402 1656 1487 1716 verba

133 1759 175 1821 sic
196 1767 367 1840 recuperata
389 1778 463 1831 esse,
492 1767 523 1819 et
550 1779 586 1820 ne
609 1759 729 1838 vestigia
756 1759 874 1839 quidem
903 1759 1065 1840 scripturae
1094 1759 1133 1819 ita
1163 1743 1298 1838 expedire
1326 1759 1487 1839 potuimus,

132 1875 166 1924 ut
188 1864 274 1945 plane
297 1863 382 1924 nobis
406 1862 649 1933 satisfaceremus,
673 1862 848 1923 sententiam
869 1871 947 1924 recte
971 1882 1017 1924 me
1038 1863 1208 1925 adsecutum
1225 1882 1289 1924 esse
1304 1872 1377 1943 puto
1393 1882 1487 1942 neque

131 1967 252 2048 antiqua
286 1968 490 2048 supplementa
521 1966 646 2041 mutavi,
680 1983 858 2046 quamquam
886 1964 999 2029 hiatum
1027 1975 1094 2028 ante
1120 1985 1164 2028 me
1191 1984 1295 2027 novem
1322 1966 1485 2028 litterarum

131 2090 267 2153 capacem
291 2080 357 2133 octo
380 2070 450 2132 solis
472 2069 592 2151 explevi.

1066 2275 1078 2306 0

152 2373 218 2414 aar.
237 2354 264 2427 1,
281 2374 306 2414 ιι
322 2373 350 2416 ιο
376 2353 469 2414 Nares
485 2352 549 2433 cdpi
563 2352 720 2430 sescenltos
731 2354 857 2432 praeter]
874 2350 879 2422 l
900 2353 957 2426 eas,
970 2353 994 2414 si
1009 2373 1083 2433 quae
1096 2351 1232 2431 minore[s
1247 2371 1332 2434 praem
1344 2353 1487 2430 trirlemes

375 2458 505 2516 luerunt.
527 2452 570 2538 ξ)

200 2578 245 2619 οι.
261 2558 291 2632 2,
307 2577 347 2620 ae
377 2563 493 2638 oeatipa'o
517 2559 603 2621 dudio
623 2577 683 2621 aon
704 2562 791 2639 ottt'pv'.

132 2690 343 2770 Supplementa
366 2688 475 2750 retinui
499 2689 566 2750 talia
588 2692 658 2763 lere,
682 2687 778 2769 qualia
800 2688 937 2750 dederam
960 2688 990 2749 in
1013 2689 1139 2751 editione
1161 2689 1258 2770 priore
1289 2690 1487 2769 dederantque

130 2804 198 2854 ante
221 2813 268 2854 me
291 2792 355 2866 alii3
377 2793 520 2872 Bergkius
542 2794 621 2872 quod
650 2792 817 2874 proposuit:
840 2805 978 2855 sescentos
1009 2795 1085 2873 sere:
1120 2811 1177 2870 eea,
1211 2797 1237 2854 ai
1262 2812 1332 2874 quac
1364 2797 1488 2855 mmmm

130 2917 217 2979 οιιοιιι
240 2897 359 2958 balonea
378 2897 512 2984 fremat,
542 2895 676 2957 odleoooi
703 2896 790 2956 etad
818 2895 993 2957 sententiam
1028 2897 1159 2976 ineptum
1194 2907 1239 2958 est
1272 2897 1352 2976 (nam
1386 2897 1489 2958 debuit

129 3001 291 3082 imperator
313 3018 401 3060 naves
424 3009 522 3079 captas
537 3017 698 3060 numerans
714 2997 811 3078 aliquo
828 3000 916 3060 modo
931 2999 1041 3080 lyntres
1056 3000 1218 3072 excludere,
1243 3001 1319 3062 sicut
1334 3001 1385 3061 llio
1402 3001 1451 3074 51,
1470 3001 1485 3060 1

130 3103 234 3165 scribit
255 3121 324 3165 eum
348 3103 483 3165 triremes
505 3100 687 3183 maioresque
711 3121 798 3163 naves
821 3102 856 3162 ad
878 3101 997 3163 Actium
1025 3111 1124 3183 captas
1146 3102 1272 3184 Apollini
1301 3102 1487 3177 dedicavisse,

129 3208 210 3269 nullo
238 3206 326 3268 modo
348 3215 446 3268 autem
470 3207 504 3268 ad
528 3207 603 3269 hanc
625 3206 813 3268 victoriarum
840 3205 1012 3267 memoriam
1041 3206 1198 3286 adiungere
1225 3206 1422 3268 narrationem
1453 3207 1488 3268 de

129 3310 254 3372 navibus
277 3309 399 3390 captivis
422 3309 521 3371 nescio
548 3330 607 3391 quo
635 3310 723 3370 modo
751 3308 946 3390 amplificatis)
970 3318 1000 3371 et
1021 3329 1055 3372 eo
1085 3311 1200 3382 nititur,
1227 3310 1306 3390 quod
1334 3311 1488 3373 commatis

130 3422 231 3475 notam
255 3413 442 3494 spatiumque
464 3432 589 3474 vacuum
611 3433 628 3474 a
650 3412 772 3475 Perroto
800 3420 879 3474 recte
907 3411 1067 3492 significata
1089 3413 1231 3492 Bergkius
1260 3422 1369 3474 temere
1395 3413 1489 3476 addu-

130 3515 242 3577 coavn.
1273 3503 1275 3508 '

232 3617 300 3681 Sex.
316 3619 475 3700 Pompeius
498 3638 586 3681 naves
608 3618 707 3681 amisit
721 3619 756 3682 ad
773 3619 862 3700 lllylas
877 3639 933 3680 xxx
949 3619 1084 3700 (Appian.
1101 3621 1130 3694 5,
1149 3619 1231 3700 108),
1255 3621 1289 3682 ad
1305 3620 1489 3683 Naulochum

132 3741 202 3783 cum
226 3723 365 3785 trecentis
394 3723 583 3804 pugnavisset
611 3722 746 3804 (Appian.
762 3723 781 3782 l.
797 3741 822 3783 c.
838 3742 862 3784 c.
882 3721 964 3802 118),
995 3724 1192 3803 septendecim
1221 3725 1349 3806 exceptis
1376 3743 1489 3797 omnes,

130 3846 165 3886 ex
197 3826 306 3907 quibus
328 3847 416 3888 xxvuv
439 3847 551 3888 mersae
579 3836 658 3901 sunt,
689 3827 816 3906 reliquae
845 3835 897 3888 aut
926 3836 1070 3889 crematae
1098 3837 1149 3890 aut
1176 3838 1290 3909 captee3
1318 3829 1355 3889 ll.
1371 3827 1490 3889 Antonii

128 3930 163 3989 ad
187 3929 304 3990 Actium
328 3939 427 4011 captas
450 3950 514 3991 esse
543 3950 631 3991 naves
659 3950 709 3991 ccc
737 3938 840 3991 auctor
873 3939 919 3991 est
951 3931 1013 4010 ipse
1042 3931 1194 4010 Augustus
1225 3931 1314 4013 (apud
1341 3931 1489 3993 Plutarch.

124 4032 236 4113 buton.
253 4030 318 4106 68).
361 4031 481 4093 Praeter
502 4052 576 4111 quae
597 4035 790 4114 proelia-cum
806 4053 919 4114 pugnas
936 4035 1051 4096 navales
1067 4035 1164 4115 magni
1182 4035 1323 4097 momenti
1339 4036 1490 4114 Augustus

128 4134 312 4196 commiserit
340 4135 444 4210 nullas,
475 4137 549 4198 ratio
576 4136 721 4210 convenit,
750 4137 895 4216 siquidem
925 4137 1027 4199 scribit
1056 4139 1086 4200 in
1115 4139 1287 4201 universum
1320 4139 1432 4220 cepisse
1459 4157 1491 4200 se

128 4257 217 4332 naves
242 4237 377 4300 triremes
400 4240 445 4301 vel
467 4239 637 4303 triremibus
660 4240 786 4303 maiores
809 4250 958 4303 sescentas
967 4240 1001 4321 ¹).

228 4501 249 4567 ¹)
267 4500 447 4564 Fragmentum
474 4503 607 4554 inventurn
633 4503 741 4555 lltheuia
766 4504 793 4555 C.
805 4502 824 4555 l.
838 4503 867 4554 L.
880 4503 927 4568 lll,
954 4506 1029 4570 6101,
1057 4505 1121 4571 quod
1138 4505 1267 4556 ,dubitans
1299 4505 1330 4557 ad
1353 4505 1491 4572 Agrippam

128 4588 260 4653 revocavi,
278 4589 425 4640 adscribere
444 4590 528 4641 visum
546 4597 594 4653 eat,
613 4605 759 4657 quamquam
772 4591 819 4642 vix
840 4593 898 4643 inde
920 4593 1076 4659 proficimus:
1097 4593 1171 4659 [quod
1188 4631 1254 4644 ....
1273 4593 1360 4655 nevela
1378 4593 1493 4644 boatium

127 4673 292 4741 depraedant
313 4674 351 4725 cel
372 4675 376 4740 Ι
400 4677 502 4742 ceperat]
587 4686 682 4741 oxllx,
705 4676 765 4730 dello
788 4681 948 4744 moritupno]
969 4715 1053 4730 .....
1072 4679 1140 4745 Ι...
1160 4679 1276 4743 [ultlumo
1299 4678 1335 4730 ad
1355 4682 1493 4746 emperiam

128 4759 1492 4832 aldiceerit]..l....eecondumpont[mn]....l....[qu]aieatad!lem[an]....l....morit....
