3525 5417
241 287 303 349 102
851 285 885 352 V,
905 289 920 340 9
943 289 974 341 10

239 464 415 526 Graecorum
438 464 545 526 horum
570 465 662 526 maior
687 484 754 546 pars
777 483 858 527 nuuc
879 467 998 527 demum
1022 471 1163 547 patelacta
1181 479 1234 528 est.
1252 502 1288 510 -
1308 467 1382 529 lluia
1396 469 1459 528 loco
1476 467 1594 528 11110011-

238 567 305 629 laius
333 569 415 643 (aba
446 569 501 630 dea
528 589 586 630 aar
614 572 673 632 Zea‘t
697 571 750 631 der
773 569 879 632 Gehart
904 569 1010 633 Christi
1031 571 1198 652 pehalteaea
1222 570 1329 634 Cerasus
1350 592 1379 651 p.
1396 570 1434 631 53
1449 592 1503 650 sq.‚
1527 571 1594 632 coll.

238 672 308 733 aaa
330 672 385 732 deu
402 670 511 733 Geasas
533 673 583 733 der
598 672 756 736 Koiserzeit
777 673 851 754 px)
868 693 988 736 censum
1013 674 1112 736 intulit
1128 694 1163 735 ex
1179 675 1272 736 Lucae
1288 676 1437 754 evangelio
1454 674 1595 754 supplens

239 775 297 836 sic:
327 779 453 837 amnium
476 777 702 855 praelibatorum
733 795 847 838 massam
876 783 922 856 epi
941 789 967 840 et
988 762 1115 857 careal,
1144 779 1245 859 quihus
1267 789 1332 851 cet,
1355 797 1425 838 saue
1447 796 1595 856 perverse.

239 878 318 939 Idem
348 876 512 958 provincias
541 898 616 959 quae
644 887 781 959 parerent
801 881 935 959 Augusto
962 881 1076 961 negavit
1098 891 1176 943 reete
1199 881 1255 942 diei
1277 881 1377 962 populi
1401 881 1542 953 llomaui3
1566 890 1597 941 at

239 980 389 1061 Augustus
412 980 553 1061 quidquid
579 982 682 1055 tenuit,
705 983 805 1063 popub
826 983 946 1045 nomine
961 993 1059 1046 tenere
1076 1004 1107 1046 se
1124 1003 1239 1065 semper
1255 989 1405 1065 professus
1420 995 1466 1045 est
1480 985 1596 1065 Aegyp-

239 1094 363 1164 tumque
390 1085 461 1145 adeo
485 1084 587 1146 scribit
608 1085 748 1148 adiecisse
772 1107 803 1149 se
824 1092 942 1168 imperia
961 1089 1062 1169 papali
1081 1089 1208 1150 Romani
1229 1091 1270 1166 (5,
1294 1088 1357 1168 24).
1381 1124 1421 1131 -
1445 1088 1543 1148 cata
1567 1097 1598 1148 et

240 1188 289 1249 Gr.
308 1189 346 1250 10
369 1187 617 1269 supplementum,
640 1189 718 1268 quod
742 1189 912 1271 Zumptium
937 1202 1055 1254 secutus
1077 1191 1108 1253 in
1131 1192 1176 1252 cd.
1200 1191 1296 1272 priore
1318 1191 1466 1272 proposui,
1490 1209 1596 1268 recog-

239 1291 300 1352 nita
334 1292 428 1371 lapide
463 1292 670 1353 confirmatum
700 1301 746 1354 est
776 1294 878 1374 paucis
913 1295 1049 1368 mutatis,
1084 1295 1236 1375 explosum
1270 1305 1368 1356 autem
1399 1295 1595 1374 Rergldanum

238 1405 332 1475 pentes
353 1397 436 1476 qalae
457 1405 553 1456 austro
573 1397 694 1474 infestae
715 1407 799 1458 eram
820 1400 949 1478 imperala
971 1407 1001 1461 et
1023 1396 1105 1481 ἔθνη
1131 1397 1286 1479 πολέμια.

339 1498 399 1560 11111
423 1498 530 1578 quibus
553 1499 589 1559 de
610 1498 769 1578 provinciis
791 1501 846 1562 hac
865 1502 930 1563 loco
945 1503 1079 1582 cogitarit
1093 1503 1252 1580 Augustus,
1277 1501 1435 1562 rideamus.
1452 1499 1597 1560 —Fines

240 1602 326 1676 aucti,
350 1601 508 1681 dequibus
531 1602 587 1662 hoc
609 1601 703 1683 capite
725 1603 835 1682 agitur,
858 1606 894 1666 ad
918 1605 1071 1686 Hispanias
1094 1624 1153 1667 non
1176 1605 1364 1686 perveniunt,
1391 1604 1500 1685 quippe
1522 1623 1597 1682 quae

240 1718 341 1787 gentes
367 1706 503 1767 barbaras
529 1706 647 1786 proprie
674 1705 813 1769 finitimas
842 1709 983 1769 haberent
1016 1709 1121 1770 nullas.
1147 1743 1190 1752 —-
1217 1707 1335 1788 Imperii
1362 1709 1436 1768 lanes
1463 1707 1597 1786 Augusto

241 1810 319 1872 visos
345 1828 409 1870 esse
432 1807 612 1870 Germanicis
639 1808 701 1870 suis
729 1810 963 1892 expeditionibus
990 1811 1129 1873 allbeuo
1152 1812 1280 1892 prolatos
1301 1811 1336 1872 ad
1361 1810 1453 1870 hlbim
1478 1829 1597 1871 necesse

242 1921 288 1975 est
310 1920 473 1974 statuamus
496 1918 651 1991 propterea
677 1914 756 1991 quod
784 1914 815 1974 in
835 1913 872 1975 iis
895 1933 969 1994 quae
991 1923 1156 1995 sequuntur
1178 1913 1363 1976 Germaniam
1386 1913 1426 1974 ait
1449 1913 1597 1994 pacarisse

242 2037 273 2079 se
294 2017 331 2078 ad
354 2016 463 2077 ostium
485 2013 616 2075 fluminis
639 2015 735 2090 Albis3
761 2018 884 2097 pacandi
907 2018 985 2079 enim
1009 2017 1180 2080 vocabulum
1203 2035 1263 2077 non
1287 2027 1446 2096 usurpatur
1468 2016 1505 2077 de
1527 2036 1597 2094 agro

241 2120 372 2182 hostium
395 2137 533 2200 prospere
560 2129 725 2198 peragrato,
758 2121 810 2182 sed
836 2121 871 2182 de
900 2132 976 2182 terra
999 2121 1122 2200 imperio
1145 2120 1274 2182 subiecta
1297 2119 1416 2179 devictis
1438 2118 1597 2179 rebellibus

242 2226 277 2287 ad
300 2241 400 2305 pacem
425 2230 565 2283 revocata.
614 2221 718 2283 Caesar
740 2223 768 2284 b.
785 2224 818 2284 G.
843 2227 870 2299 1,
894 2225 927 2285 b:
949 2228 1024 2285 irater
1045 2224 1116 2305 fiaes
1137 2223 1331 2285 Heluetiorum
1354 2233 1379 2284 et
1403 2223 1596 2302 dllahraqaaa,

242 2333 293 2410 qai
311 2345 403 2407 reaper
420 2329 519 2406 000011·
535 2336 625 2396 eruat,
649 2326 804 2388 Rhodanus
825 2329 905 2405 stain
929 2329 1039 2388 Seneca
1054 2336 1114 2387 nat.
1131 2347 1159 2406 q.
1175 2327 1203 2400 6,
1227 2328 1260 2387 7:
1283 2327 1393 2388 medias
1406 2329 1597 2405 interpuncta

242 2443 268 2494 et
282 2431 396 2493 hastilia
416 2429 483 2508 fluit
504 2427 654 2490 Danaeius
675 2439 701 2490 et
724 2429 848 2508 Rhenus,
871 2429 945 2493 alter
959 2431 1134 2493 Sarmaticas
1155 2435 1274 2510 impetus
1301 2429 1428 2490 cohibeas
1523 2427 1599 2488 alter

245 2533 401 2598 Germanas
427 2533 543 2594 avidam
567 2543 678 2612 peateas
706 2533 773 2594 hella'
791 2534 946 2614 repellerem
969 2535 1031 2596 Liv.
1048 2534 1077 2608 8,
1093 2533 1147 2595 34:
1177 2538 1236 2596 sine
1258 2543 1413 2595 commeato
1435 2531 1599 2612 0091111111·-

242 2652 283 2703 tes
308 2643 339 2700 ia
366 2648 484 2717 pacata,
511 2640 541 2697 ia
568 2635 670 2697 hostica
695 2647 799 2698 eareat.
844 2637 887 2698 lta
908 2638 1033 2718 Augusti
1055 2637 1141 2698 rerba
1166 2637 1328 2699 Suetonius
1348 2655 1464 2716 quoque
1486 2635 1600 2714 accepit

243 2763 268 2804 0.
293 2742 347 2802 21:
378 2740 534 2802 Germanas
559 2737 640 2800 aaltra
661 2739 754 2801 datan
781 2741 905 2817 1111011011
932 2745 1096 2813 commacla
1124 2759 1218 2821 neque
1246 2740 1324 2801 euim
1348 2739 1403 2800 hoc
1425 2737 1599 2816 significavit

243 2846 404 2908 Germanos
426 2863 461 2904 ex
483 2841 570 2904 terris
591 2840 669 2903 inter
687 2843 824 2904 Rhenum
844 2852 874 2905 et
890 2844 984 2905 albim
1000 2844 1208 2906 exterminatos
1224 2864 1297 2918 esse,
1320 2861 1392 2922 quas
1408 2850 1501 2902 terras
1517 2841 1600 2901 omni

243 2959 376 3030 tempore
398 2954 565 3021 tenuerunt,
589 2945 639 3008 sed
662 2946 833 3008 Germaniae
855 2948 977 3021 liberae,
1005 2967 1078 3028 quae
1101 2947 1155 3009 hac
1177 2957 1271 3009 aetate
1293 2946 1364 3008 κατ’
1387 2941 1502 3026 ἐξοχὴν
1525 2945 1598 3005 Ger·

243 3052 341 3115 mania
362 3051 420 3114 dici
445 3051 528 3125 solet,
554 3069 608 3130 pro
630 3049 733 3111 Rheno
755 3049 851 3111 Albim
880 3052 1040 3112 terminum
1067 3053 1176 3112 lactum
1205 3066 1278 3108 esse.
1323 3046 1423 3128 ltaque
1445 3049 1598 3126 Augustus

244 3175 421 3238 quamquam
447 3154 556 3218 Gallias
584 3165 610 3216 et
636 3153 789 3233 Hispanias
811 3159 975 3235 praaa'aea‘as
1006 3153 1176 3216 Germaniae
1210 3170 1359 3232 apponens
1393 3152 1469 3212 banc
1502 3169 1598 3228 neque

244 3261 399 3324 Galliarum
430 3259 644 3339 provinciarum
671 3257 806 3318 1010111111
834 3258 1081 3338 comprehendere
1112 3254 1204 3318 voluit
1234 3273 1329 3334 neque
1354 3253 1447 3334 ipsam
1476 3253 1598 3334 provin-

244 3366 317 3427 ciam
341 3363 494 3444 appellare,
517 3363 572 3423 hac
593 3359 775 3422 vacillatione
798 3362 884 3423 tacite
906 3365 1058 3424 confessus
1081 3368 1218 3423 eventum
1242 3357 1331 3418 cladis
1346 3356 1495 3429 Varianae,
1519 3355 1598 3417 nibi-

244 3468 372 3531 lominus
395 3465 580 3528 Germaniam
603 3464 681 3526 inter
696 3464 832 3526 llhenum
855 3473 886 3527 et
899 3465 995 3526 Albim
1011 3465 1126 3547 imperii
1142 3461 1266 3524 llomaui
1286 3479 1351 3522 esse
1365 3460 1415 3522 ait.
1452 3459 1483 3520 ld
1499 3459 1597 3540 ipsum

243 3588 421 3651 quamquam
444 3578 595 3649 praeterea
616 3585 678 3629 nan
700 3567 824 3629 traditur
846 3568 928 3647 (nam
952 3569 1098 3630 diversum
1121 3567 1266 3647 estquod
1289 3565 1329 3626 ait
1345 3563 1450 3626 Strabo
1473 3564 1503 3635 7,
1529 3565 1555 3637 1,
1579 3565 1596 3624 4

243 3695 273 3755 p.
291 3675 349 3735 191
373 3673 538 3751 Augustum
563 3671 651 3732 duces
673 3669 821 3731 Romanos
836 3671 933 3732 Albim
956 3672 1119 3752 transgredi
1142 3668 1291 3748 vetuisse),
1314 3667 1452 3750 convenit
1473 3667 1509 3727 iis
1525 3686 1597 3747 quae

244 3777 280 3838 de
301 3776 368 3838 Vari
389 3772 640 3836 administratione
656 3773 827 3835 Germaniae
849 3775 1006 3836 traduntur
1028 3809 1068 3817 —
1092 3775 1127 3834 01.
1149 3773 1310 3834 Cassiodor.
1331 3772 1393 3832 chr.
1414 3772 1449 3832 ad
1473 3791 1498 3831 a.
1522 3769 1595 3832 716:

243 3885 319 3942 irater
339 3879 432 3941 Albim
453 3889 480 3941 et
500 3878 631 3939 Rbeatam
654 3875 793 3940 Germani
811 3897 910 3940 0011101
933 3877 972 3952 Ti.
994 3877 1103 3938 lleraai
1123 3877 1210 3938 deda'a'
1229 3885 1258 3937 et
1273 3875 1344 3936 Vell.
1362 3873 1391 3948 2,
1415 3875 1473 3936 97:
1497 3873 1597 3952 (Tibe-

243 3984 319 4063 rius)
345 3986 384 4044 sic
410 3983 572 4062 perdomuit
599 3980 812 4063 (Germaniam)
839 3994 871 4044 at
896 3987 928 4044 ia
953 3983 1080 4062 [armam
1106 3999 1196 4059 paene
1228 3978 1432 4058 stipendiariae
1463 3977 1598 4058 radiperet

241 4089 406 4167 provinciae
435 4119 477 4132 -
506 4086 715 4164 universaeque
749 4085 968 4165 expeditionum
1001 4083 1125 4162 Augusti
1158 4081 1398 4144 Germanicarum
1433 4080 1541 4141 rationi
1569 4089 1598 4140 et

244 4188 397 4262 decursui;
429 4189 481 4249 sed
508 4187 594 4249 latius
624 4189 696 4249 haec
717 4187 885 4269 explicanda
907 4196 977 4249 sunt
999 4204 1085 4266 quam
1111 4196 1144 4247 ut
1165 4187 1219 4246 hac
1240 4186 1350 4266 pagella
1372 4184 1534 4265 capiantur.
1559 4218 1596 4229 -

244 4291 350 4374 lllyrici
377 4301 407 4353 et
427 4291 610 4352 Macedoniae
631 4291 705 4352 sanes
728 4292 876 4370 Augustus
894 4291 938 4352 ⁴ita
960 4289 1097 4371 protulit,
1126 4299 1159 4350 ut
1181 4309 1272 4350 novae
1294 4289 1458 4371 provinciae
1481 4287 1522 4349 ibi
1544 4289 1595 4347 lie-

244 4403 312 4458 rent
332 4395 478 4475 Illyricum
502 4395 623 4455 inferius
646 4396 707 4457 sive
729 4394 880 4456 Pannonia
902 4404 932 4456 et
960 4394 1076 4456 Moesia.
1100 4428 1141 4437 -
1164 4393 1197 4453 ln
1217 4392 1284 4453 Asia
1308 4391 1421 4454 minore
1447 4391 1595 4471 Augustus

244 4519 305 4562 non
327 4509 387 4560 tam
411 4498 575 4578 bithyniam
598 4497 679 4560 ausit
700 4515 788 4578 quana
810 4516 901 4577 regno
923 4499 1065 4580 Amyntae
1087 4498 1117 4557 in
1140 4495 1306 4579 provinciae
1334 4498 1459 4557 sormam
1481 4495 1595 4556 redacto

246 4604 385 4665 Galatiam
417 4603 596 4683 provinciam
630 4602 796 4675 constituit,
829 4600 876 4662 cui
908 4601 1011 4664 deinde
1033 4599 1259 4682 Paphlagoniam
1287 4599 1392 4660 adiecit
1417 4596 1595 4678 (blanquardt

245 4706 517 4787 Staotsaeraoaltaaq
541 4709 555 4768 1
580 4727 608 4788 p.
625 4707 709 4782 359).
754 4705 992 4768 llomonadenses
1016 4706 1045 4766 iu
1069 4704 1203 4766 cauliniis
1223 4702 1410 4784 Pamphyliae
1432 4710 1462 4764 et
1483 4699 1593 4765 Gilieiae
