3525 5417
265 339 326 400 192
798 335 1087 391 ORTHOGRAPHIA

263 515 404 577 Similiter
426 515 456 576 iu
472 515 530 576 dat.
547 515 603 576 abl.
619 515 658 595 pl.
675 515 745 577 decl.
764 517 782 576 2
802 526 836 579 ut
851 516 1033 597 frequentior
1047 526 1093 579 est
1106 521 1120 578 i
1132 516 1256 598 simplex
1272 523 1416 597 loeupiciu
1432 521 1547 592 colonis,
1570 523 1625 590 des,

257 622 412 699 prouincia,
434 616 589 699 stipendia),
613 619 652 680 ita
675 619 744 680 alibi
766 628 811 680 est
831 625 854 682 ii
867 619 1013 702 (crusillis,
1037 625 1079 686 iis,
1095 620 1215 694 iudiciis,
1238 621 1383 703 mcuibiis)
1399 623 1535 702 idemque
1550 624 1625 684 adeo

261 722 435 784 vocabulum
465 722 553 783 modo
576 741 628 801 per
649 725 662 783 i
681 723 769 782 modo
784 742 838 803 per
852 727 881 806 ii
889 723 1037 796 scribitur,
1061 732 1095 784 ut
1109 727 1260 805 municipis
1273 732 1304 785 et
1318 729 1490 805 municipiis.
1519 726 1626 788 Nomi-

261 826 358 887 nativo
380 824 500 905 pluralis
523 826 667 887 secundae
690 825 830 887 scribitur
850 828 916 900 olii3
939 834 1041 887 contra
1065 827 1124 887 odit
1146 825 1324 901 invenimus,
1348 846 1405 889 non
1429 830 1508 890 odiit.

361 929 473 991 Verulis
495 949 602 1010 anceps
624 930 703 991 iuter
725 933 737 989 i
756 937 786 990 et
807 950 827 990 u
847 938 1016 990 constanter
1031 930 1151 990 eliertur
1168 949 1222 1009 per
1243 935 1256 991 i
1260 951 1268 1004 3
1291 931 1331 991 ita
1353 931 1460 1009 legitur
1482 932 1625 1011 legitimus

260 1031 399 1111 finitimus
418 1035 550 1112 pontifex
571 1037 706 1112 septimus
727 1033 852 1095 decimus
866 1038 1035 1095 vicereeimus
1048 1035 1295 1114 frequerttieeimau
1309 1037 1468 1114 reciperare
1482 1036 1625 1096 mortibue

257 1135 425 1214 porticibus3
447 1153 575 1214 quocum
598 1134 696 1196 licebit
717 1154 894 1216 componere
917 1137 996 1216 quod
1019 1145 1092 1198 teste
1117 1136 1258 1197 Suetonio
1281 1155 1306 1197 c.
1324 1136 1364 1198 87
1386 1136 1539 1216 Augustus
1561 1157 1625 1199 non

261 1256 361 1298 sumus
383 1236 513 1317 scripsit,
545 1238 594 1299 sed
618 1242 714 1298 umus.
759 1239 967 1319 Exceptionem
996 1239 1065 1300 lacit
1092 1258 1151 1299 non
1174 1238 1254 1318 quod
1277 1240 1416 1302 scribitur
1438 1241 1555 1320 clupeeu
1577 1245 1624 1312 (ea

260 1341 338 1401 enim
369 1338 501 1400 vocabuli
529 1342 621 1400 lorma
650 1339 798 1419 alteraque
828 1341 903 1401 male
930 1340 1111 1420 graecismus
1134 1341 1247 1420 clypeus
1267 1342 1346 1403 solae
1368 1343 1506 1422 antiquae
1527 1343 1624 1422 sunt),

261 1445 312 1504 sed
342 1443 419 1523 quod
448 1451 493 1504 est
518 1443 803 1522 septucqeusulruum]
832 1464 860 1504 vr
878 1461 917 1519 re,
946 1445 982 1506 de
1009 1463 1067 1524 qua
1094 1445 1264 1524 exceptione
1292 1446 1446 1508 videantur
1474 1466 1550 1525 quae
1576 1448 1626 1507 di-

260 1554 365 1609 centur
386 1546 422 1607 ad
444 1545 616 1607 numeralia.

361 1649 471 1711 Mediae
494 1651 509 1710 b
534 1650 604 1712 din
628 1647 776 1710 vocabulis
799 1647 940 1710 extremis
962 1652 1169 1729 praeferuntur
1192 1651 1331 1713 tenuibus
1349 1672 1370 1733 p
1391 1664 1404 1714 t
1426 1653 1625 1733 scribiturque

260 1761 430 1815 constanter
450 1755 485 1815 cb
506 1753 558 1814 sub
581 1788 622 1796 —
645 1753 683 1814 ud
705 1752 798 1832 adque
818 1753 898 1831 opud
918 1752 949 1813 id
968 1753 1018 1814 sed
1039 1753 1169 1834 aliquod3
1191 1763 1221 1815 at
1242 1773 1300 1816 ιιοιι
1318 1755 1428 1829 obseru,
1444 1756 1495 1817 sed
1510 1775 1625 1836 opscus.

360 1856 531 1937 Adspiratae
553 1855 662 1917 adsunt
683 1856 771 1916 etiam
794 1864 910 1935 praeter
938 1855 1182 1918 consuetudinem
1197 1858 1390 1920 vetustiorem
1405 1859 1623 1940 rationemque,

262 1968 296 2022 ut
317 1960 347 2020 in
369 1961 539 2041 triumphus.

360 2064 436 2125 Ante
459 2083 472 2124 ι
494 2069 663 2123 constanter
684 2062 766 2123 adest
788 2082 809 2124 u
830 2061 861 2123 in
884 2061 1034 2125 vocabulis
1061 2062 1157 2141 qualia
1179 2072 1250 2125 sunt
1272 2070 1398 2144 quotieas
1420 2068 1524 2127 uiciens
1545 2085 1623 2145 quo-

264 2168 396 2246 dropieus
418 2169 611 2246 quiupeutieus
632 2165 755 2226 milliens
776 2170 946 2228 vicessimus
967 2166 1227 2246 quadragessimus.

361 2289 388 2332 ss
417 2269 500 2330 adest
527 2269 557 2328 in
580 2287 682 2330 coueso
713 2269 888 2348 (composita
916 2287 1056 2331 eucruore
1084 2278 1113 2329 et
1142 2269 1249 2330 similia
1272 2268 1302 2328 in
1325 2269 1537 2332 commentario
1560 2289 1623 2331 non

261 2371 476 2453 reperiuntur),
504 2372 574 2433 item
604 2370 636 2432 in
662 2371 805 2433 cloussum
832 2391 854 2432 ιι
871 2392 907 2447 ιι,
939 2390 1006 2434 cum
1031 2381 1129 2433 tamen
1152 2372 1298 2434 scribatur
1319 2374 1449 2436 cluuutm
1470 2392 1493 2433 11
1509 2392 1544 2448 u,
1573 2377 1623 2434 irr-

262 2475 372 2537 clusum
394 2492 415 2535 ιι
432 2493 467 2536 ιι.

360 2597 384 2640 u
406 2576 529 2658 simplex
553 2575 698 2658 reperitur
720 2577 909 2658 plerumque,
939 2579 1026 2641 etiam
1058 2578 1109 2640 ubi
1137 2579 1168 2640 in
1195 2579 1366 2660 compositis
1393 2579 1574 2641 conveniunt
1599 2599 1626 2640 :e

262 2682 400 2743 claudens
429 2689 459 2742 et
486 2701 499 2741 ι
527 2679 686 2760 incipiens,
716 2689 749 2742 ut
777 2683 914 2755 eciliurm
944 2683 1093 2747 invenitur
1123 2693 1221 2746 tanmn
1250 2702 1288 2745 us
1317 2682 1362 2743 bis
1390 2682 1422 2743 iu
1443 2687 1570 2744 ειιιιίιιιι
1592 2692 1625 2744 et

262 2789 447 2866 exstinquere.

360 2909 379 2949 z
401 2896 430 2948 et
452 2907 466 2948 s
487 2885 632 2947 alternant
653 2885 683 2946 in
706 2887 867 2950 Artauazde
889 2897 919 2950 et
940 2890 1104 2952 Artuoosde

361 2989 482 3052 Mutatio
515 2991 622 3052 vocalis
655 2990 810 3054 coniuncta
844 3011 911 3053 cum
947 2995 1155 3056 vocabulorum
1184 2993 1310 3054 duorum
1340 2990 1555 3070 compositione
1584 2991 1623 3052 ab

261 3095 403 3174 Augusto,
431 3105 464 3156 ut
485 3097 545 3156 iere
568 3094 604 3156 ab
626 3095 739 3156 idoneis
762 3095 932 3156 auctoribus
954 3098 1102 3171 omnibus,
1125 3115 1185 3158 non
1201 3094 1374 3156 observatur
1389 3095 1419 3155 in
1436 3096 1626 3156 cortsocrmedi

260 3197 410 3260 vocabulo.

361 3300 543 3363 Adsimitatio
570 3301 600 3362 in
635 3301 842 3362 vocabulorum
877 3302 1089 3382 compositione
1124 3302 1211 3363 modo
1243 3298 1410 3361 admittitur
1439 3301 1528 3361 modo
1561 3318 1623 3361 non

261 3403 440 3466 admittitur:
468 3422 536 3465 nam
567 3404 673 3482 legitur
702 3405 872 3466 immortalis
893 3415 923 3466 et
944 3410 1091 3478 iumisuts;
1119 3405 1274 3468 collaticiae
1296 3413 1326 3464 et
1347 3403 1440 3464 semel
1462 3403 1623 3482 collegium,

261 3525 329 3568 oum
352 3507 508 3587 quinquies
523 3507 686 3587 reperiatur
702 3508 817 3587 coulequ
833 3507 894 3568 sive
909 3508 1081 3588 conlegium
1104 3513 1241 3587 occepere,
1257 3511 1371 3572 accitus.
1388 3507 1438 3567 sed
1455 3506 1623 3585 oduqrtcm

260 3628 417 3689 oppressus.
463 3609 608 3671 Scribitur
629 3629 685 3690 rap,
708 3629 766 3671 nou
791 3629 844 3691 up:
871 3613 1047 3690 impendere,
1069 3615 1197 3690 impurus
1219 3612 1412 3691 (quamquam
1435 3614 1554 3689 inpenso
1576 3615 1624 3668 est

260 3711 290 3772 in
318 3712 560 3793 praescriptione,
593 3731 668 3792 quoe
700 3732 759 3774 uon
788 3721 833 3774 est
862 3714 1014 3793 Augusti),
1044 3718 1216 3793 imperator,
1246 3731 1430 3792 comparare,
1459 3711 1623 3791 complerem

261 3825 362 3877 contra
386 3823 444 3876 tam
466 3835 513 3897 tuq
534 3816 684 3876 invenitur
705 3833 793 3895 quam
815 3835 869 3896 req:
888 3820 1147 3897 quotienscumque,
1170 3835 1328 3897 uurequom.

363 3919 395 3979 ln
420 3918 612 3980 declinatione
635 3937 719 3980 casus
743 3918 853 3996 antiqui
877 3919 909 3977 in
925 3918 1124 3980 eislrabentur
1145 3920 1189 3979 bi:
1212 3918 1371 3979 Dalmateia
1392 3937 1462 3990 νιος
1484 3921 1625 3978 emeriteis

261 4022 369 4084 laureis
390 4041 418 4082 vr
435 4041 459 4081 u
476 4021 577 4100 (modo
605 4021 644 4082 sit
665 4041 681 4082 a
709 4021 806 4094 lauro,
834 4038 893 4082 non
915 4039 931 4080 a
954 4021 1061 4095 laurea,
1084 4041 1110 4081 v.
1126 4043 1155 4100 p.
1170 4021 1243 4099 150)
1267 4022 1427 4101 quadripeu
1448 4038 1477 4078 ιι
1492 4039 1528 4093 ιι,
1551 4040 1621 4080 cum

262 4123 536 4204 frequentissimum
567 4124 606 4186 sit
632 4130 656 4186 is
683 4134 761 4186 certe
794 4124 825 4185 in
853 4123 911 4185 dat.
934 4123 990 4184 abl.
1013 4125 1089 4203 plur.
1113 4123 1270 4197 secundae,
1302 4143 1370 4184 nam
1395 4122 1483 4184 dativi
1505 4122 1626 4184 ablativi

260 4229 336 4309 plur.
359 4227 470 4308 primae
499 4226 630 4307 exempla
658 4227 712 4289 alia
740 4245 799 4288 non
828 4225 1027 4287 inveniuntur.
1050 4261 1092 4272 —
1115 4227 1149 4288 ln
1177 4227 1279 4288 tertiae
1299 4225 1405 4307 plurali
1429 4229 1455 4286 is
1476 4225 1626 4303 reperitur

260 4329 291 4390 in
315 4330 375 4391 his:
398 4335 506 4410 ageretis
528 4349 560 4390 ιιι
574 4349 601 4403 ις
625 4331 733 4391 curulis
755 4347 764 4388 ι
794 4347 836 4402 '2¹3
859 4333 951 4390 omnis
973 4349 1047 4403 vau
1072 4333 1168 4410 plrtrie
1190 4348 1254 4402 ιιι,
1277 4349 1352 4408 quae
1367 4327 1507 4390 vocabula
1522 4328 1625 4388 omnia

260 4432 425 4512 genetivum
454 4433 573 4512 pluralis
599 4435 728 4494 formant
749 4430 780 4491 iu
802 4435 879 4500 ium;
910 4431 960 4492 sed
983 4451 1044 4494 non
1066 4433 1173 4495 desunt
1195 4432 1273 4513 apud
1295 4432 1461 4511 Augustum
1483 4431 1547 4492 eius
1570 4450 1623 4492 or-

260 4535 338 4598 dinis
360 4535 498 4597 vocabula
520 4535 575 4596 alia
597 4535 796 4596 accusativum
818 4533 956 4595 babentia
979 4537 1010 4596 in
1034 4556 1076 4610 es,
1099 4545 1133 4597 ut
1147 4537 1247 4608 cedes,
1268 4538 1347 4616 fiaes,
1368 4549 1472 4615 gereres,
1495 4535 1622 4596 ῑαὸιιιιιε

260 4647 314 4701 cet.
338 4673 379 4684 —-
402 4637 533 4700 Genetivi
555 4637 676 4719 pluralis
698 4639 844 4700 secundae
877 4638 1020 4700 contracti
1052 4639 1240 4718 reperiuntur
1261 4638 1308 4700 bi:
1336 4639 1501 4709 ἀιιιαιιιιιιι,
1524 4637 1619 4707 decos,

259 4761 418 4816 nummum,
441 4747 608 4814 sestertium,
632 4741 757 4820 denique
779 4745 904 4804 sortasse
926 4745 1118 4812 triumuirum,
1141 4759 1209 4803 crim
1234 4759 1262 4800 ιι
1279 4759 1305 4802 as
1325 4740 1363 4801 sit
1378 4745 1559 4802 amaeam.
1576 4772 1618 4783 -
