3525 5417
262 337 325 404 198
874 331 1007 391 νοτίοιο

260 515 355 577 rautia
369 514 464 595 qualis
486 513 575 575 luerit
596 512 791 594 perspicietur
816 521 846 576 et
879 534 914 575 ex
946 515 1060 577 delectu
1087 515 1262 588 verborum,
1289 535 1349 594 quo
1376 517 1407 578 in
1432 515 1628 594 expendendo

261 618 347 679 etiam
372 619 399 678 id
416 617 601 699 apertissime
617 616 743 678 elucebit
757 615 864 696 quibus
880 617 995 678 auxiliis
1009 617 1057 678 ille
1072 617 1102 678 in
1119 620 1259 680 vertendo
1275 639 1347 680 rusus
1363 619 1411 691 sit,
1426 627 1457 679 et
1471 637 1508 678 ex
1523 618 1628 696 singu-

262 722 355 782 larum
376 720 564 800 quorundum
589 718 735 780 sermonis
758 718 860 780 Graeci
881 719 979 798 legum
1004 721 1096 799 magis
1112 722 1247 783 minusve
1263 722 1415 784 subtilium
1433 720 1627 800 neglectione.

359 819 401 885 ‘ln
436 822 531 884 verbis
561 822 701 902 eligendis
736 823 763 883 ei
790 821 841 900 qui
869 823 971 884 Latine
1006 824 1114 904 scripta
1143 826 1250 887 Graece
1279 826 1367 887 vertit
1403 825 1462 887 duo
1501 825 1628 884 maxime

261 927 417 1008 spectanda
446 936 528 998 sunt,
562 929 692 1005 primum
723 943 760 985 ne
789 925 940 1007 scriptoris
969 927 1086 1006 linguae
1115 929 1206 990 nimis
1234 929 1380 991 obnoxius
1402 928 1505 989 Latine
1534 927 1628 1005 magis

262 1049 350 1111 quam
380 1031 487 1092 Graece
521 1028 643 1100 scribat,
675 1027 780 1118 deinde
809 1037 841 1090 ut
869 1029 993 1107 singulis
1024 1031 1171 1092 vocabulis
1200 1031 1312 1093 Latinis
1341 1051 1394 1092 sua
1427 1049 1562 1109 quaeque
1593 1049 1629 1090 ac

260 1134 376 1214 propria
400 1134 508 1195 Graeca
531 1132 634 1193 reddat
661 1132 873 1212 perponderata
896 1131 1019 1211 singulis
1047 1134 1119 1195 locis
1147 1135 1359 1196 sententiarum
1383 1132 1411 1193 vi
1439 1152 1473 1194 ac
1495 1132 1628 1194 necessi-

261 1236 371 1298 tudine.
422 1235 566 1296 Neutrum
596 1235 667 1296 satis
695 1233 808 1296 curavit
835 1235 979 1314 interpres
1001 1236 1187 1317 Acerranos,
1215 1237 1267 1317 qui
1294 1235 1385 1297 nimis
1407 1235 1510 1295 lntine
1540 1233 1630 1294 vertit

260 1339 346 1411 2,18
378 1335 570 1420 ἐψηφίσατο
598 1331 616 1419 ἡ
647 1334 825 1419 σύγκλητος
852 1339 950 1411 θεοῖς
973 1337 1046 1402 δεῖν
1072 1339 1225 1402 θύεσθαι
1255 1340 1392 1419 (decreuit
1418 1348 1534 1400 secretus
1557 1357 1624 1417 serp·

256 1442 424 1523 pticondnm
446 1460 503 1502 esse
525 1439 599 1527 dis);
629 1439 658 1518 3,
682 1439 723 1499 22
748 1433 952 1519 συνάρχοντα
975 1437 1073 1515 αάτός
1100 1439 1168 1506 ἀπὸ
1194 1443 1251 1522 τῆς
1278 1437 1459 1526 συγκλήτου
1488 1435 1631 1522 αίτήσας

260 1541 392 1626 ἔλαβον,
416 1542 467 1605 ubi
482 1543 537 1604 etsi
552 1542 656 1604 Latina
678 1557 738 1603 non
755 1552 924 1622 supersunt,
947 1544 1041 1605 conici
1056 1553 1153 1607 nmen
1170 1556 1267 1626 potest
1289 1547 1442 1628 scripsisse
1460 1548 1629 1625 Augustum

257 1652 326 1730 petii
340 1668 358 1710 o
373 1658 486 1719 senotn;
510 1647 539 1719 5,
556 1645 575 1706 8
592 1641 688 1723 εὐχάς
709 1639 958 1726 ἀναλαμβάνειν
982 1651 1059 1724 (octo
1080 1651 1248 1730 susciperet
1273 1653 1301 1724 5,
1318 1652 1359 1713 20
1381 1643 1630 1731 ἀρχιερωσύνην

261 1751 458 1834 καταφέρειν
483 1749 685 1826 (socerdotinm
708 1747 852 1829 deferre);
881 1750 910 1824 5,
927 1749 966 1809 21
997 1751 1044 1823 είς
1066 1749 1123 1813 τόν
1144 1754 1203 1817 τοῦ
1228 1751 1345 1826 ζῶντος
1366 1749 1472 1815 τόπον
1498 1752 1542 1830 (in
1570 1753 1634 1811 οῖσι·

260 1853 391 1936 οωιίτηοο
414 1853 537 1932 locum),
567 1871 747 1933 quamquam
776 1851 836 1914 scio
868 1849 962 1936 τόπῳ
996 1854 1085 1928 τινός
1114 1876 1169 1936 pro
1202 1852 1276 1920 ἀντί
1309 1878 1398 1929 τινος
1430 1855 1520 1916 etiam
1553 1853 1630 1916 alios

260 1960 432 2040 posterioris
454 1958 556 2020 aetatis
579 1955 738 2037 scriptores
763 1954 887 2031 dixisse3
909 1958 938 2031 6,
956 1959 975 2018 2
996 1956 1189 2034 πολιτικαῖς
1210 1970 1372 2041 ταραχαῖς
1394 1958 1515 2038 (betleem
1535 1957 1629 2028 οἰοιίι,

261 2063 340 2140 quod
370 2060 480 2123 rectius
514 2062 540 2133 1,
571 2059 608 2120 19
637 2056 817 2140 ἐμφυλίους
852 2058 1020 2142 πολέμους
1054 2064 1227 2144 expressit);
1262 2066 1330 2138 7,5
1361 2057 1399 2145 ἢν
1432 2058 1631 2122 κεκλεῖσθαι

261 2157 432 2245 testaceo
455 2161 609 2234 (clonssnm
625 2161 806 2236 votuerunt·
830 2164 878 2237 11,
896 2165 915 2224 7
938 2159 1006 2226 ἀπὸ
1027 2160 1151 2248 Ῥώμης
1162 2163 1332 2250 Ἀρίμινον
1353 2165 1463 2228 omissa
1478 2164 1527 2237 είς
1540 2183 1631 2244 prae-

260 2265 421 2346 positione3
448 2263 530 2338 11,3
554 2261 589 2324 έκ
613 2260 770 2328 πλείστου
798 2268 917 2347 μέρους
944 2276 974 2329 et
998 2269 1103 2341 15,15
1127 2267 1162 2330 έκ
1184 2267 1337 2352 μείζονος
1364 2265 1483 2350 μέρους
1510 2273 1631 2348 (ιηοηιισ

261 2385 298 2430 est
315 2367 427 2448 porte);
452 2368 500 2440 11,
520 2367 557 2427 17
574 2360 596 2426 ά
616 2389 675 2448 μοι
692 2371 828 2451 κατέστη
852 2367 946 2446 έγγάς
968 2368 1141 2452 μυριάδων
1162 2372 1227 2434 κτλ’
1250 2373 1335 2455 (ροσε
1349 2373 1419 2434 milti
1442 2375 1630 2434 condierunt

263 2501 304 2544 gs
327 2475 436 2533 circiter
462 2469 613 2544 milliens);
645 2473 730 2546 16,7
759 2470 824 2554 πρό
854 2470 936 2553 ἐμοῦ
962 2469 1122 2556 ἡγεμόνος
1144 2477 1223 2556 (onte
1244 2495 1288 2536 me
1308 2472 1493 2555 principem),
1516 2491 1628 2552 quam-

261 2595 350 2660 quam
379 2576 434 2636 hoc
462 2592 521 2653 quo
550 2573 638 2634 modo
664 2576 796 2638 excusari
822 2575 917 2657 possit
938 2585 1073 2657 apertum
1096 2588 1156 2653 est3
1183 2577 1211 2651 3,
1230 2579 1269 2639 15
1297 2573 1549 2660 ὁμολογούντων
1573 2582 1631 2637 ἵνα

261 2676 487 2761 χειροτονηθῶ
516 2676 765 2755 (consentientibus
793 2680 835 2758 [nt
852 2726 858 2740 .
876 2726 882 2739 .
900 2680 935 2756 .])
968 2682 1097 2760 itemque
1130 2683 1158 2755 5,
1188 2682 1227 2742 17
1260 2678 1350 2762 νόμῳ
1381 2675 1536 2762 έκυριόθη
1571 2684 1629 2741 ίνα

263 2776 392 2863 ἱερόςά
415 2781 625 2860 (εοενοεοιιτιιω
653 2787 698 2844 nti
721 2801 807 2846 essem
836 2782 885 2844 tec
918 2783 977 2844 loto
999 2783 1061 2863 cst).
1106 2785 1171 2847 lluc
1193 2784 1282 2847 etiam
1303 2783 1375 2844 illud
1397 2781 1526 2863 pertinet
1546 2783 1628 2862 quod

262 2886 395 2948 abutitur
429 2884 510 2945 nudo
544 2882 640 2945 dativo
669 2887 705 2946 ad
738 2884 878 2947 ablativos
901 2884 1022 2946 Latinos
1049 2887 1227 2962 reddendos,
1259 2885 1387 2948 maxime
1415 2886 1447 2945 in
1469 2885 1626 2947 consulatu

262 2988 428 3051 denotando
451 2986 545 3066 (reiut
567 2985 632 3058 9‚4
660 2990 805 3071 Τιβερίῳ
830 2989 959 3066 Νέρωνι
982 2985 1037 3049 καὶ
1060 2983 1154 3074 Norico
1178 2993 1323 3052 Πείσωνι
1346 2982 1516 3068 ὑπάτοις),
1540 3007 1628 3068 pree-

262 3103 341 3154 terea
371 3093 419 3164 16,
445 3090 483 3150 12
511 3086 603 3170 ἐμοῖς
633 3089 760 3164 αίσίοις
788 3091 923 3164 οίωνοϊς
951 3094 1033 3174 (meis
1058 3094 1217 3174 aruspicis),
1249 3095 1296 3165 15,
1316 3092 1354 3152 17
1382 3090 1628 3173 προκατειλημ-

262 3196 361 3278 μένας
388 3189 522 3282 πολέμῳ
550 3190 692 3278 δουλικῷ
722 3194 784 3255 scil.
812 3193 970 3258 Σικελίαν
996 3195 1051 3256 καί
1081 3193 1200 3278 Σαρδιό
1227 3196 1395 3275 (occupatos
1417 3192 1489 3256 lelio
1512 3193 1627 3270 civili),-

264 3300 291 3370 1,
310 3301 345 3359 11
379 3293 573 3381 ἀμφοτέρων
600 3298 665 3359 τῶν
693 3292 831 3360 όπάτων
858 3293 993 3380 πολέμῳ
1026 3297 1250 3362 πεπτωκότων
1278 3302 1355 3375 (cnm
1384 3296 1483 3359 consul
1508 3309 1628 3379 uterque

263 3403 334 3465 dello
363 3401 528 3480 reddisset),
558 3402 681 3463 debebat
703 3398 738 3462 έν
768 3398 920 3481 πολέμῳ;
947 3403 973 3475 1,
992 3401 1030 3462 18
1059 3399 1112 3475 δίς
1134 3400 1269 3486 ἐνίκησα
1291 3398 1476 3479 παρατάξει
1498 3403 1569 3480 (eici
1587 3401 1627 3462 dis

263 3507 343 3586 orie),
364 3524 544 3586 quamquam
561 3506 608 3568 hie
623 3523 707 3568 error
722 3523 786 3566 esse
801 3513 900 3584 potest
920 3504 1075 3584 lapicidae3
1098 3516 1176 3587 recte
1190 3507 1296 3586 legitur
1321 3508 1369 3579 14,
1386 3505 1426 3567 20
1442 3507 1628 3588 κατέκοψεν

263 3607 299 3673 έν
327 3605 527 3689 παρατάξεις
554 3608 600 3670 iris
627 3608 752 3690 denique
780 3607 859 3687 quod
882 3608 1033 3696 Augustus
1062 3608 1220 3689 scripserat
1241 3629 1306 3672 τυιο
1332 3610 1480 3672 consulari
1506 3613 1628 3688 irnperio

263 3712 310 3772 ille
345 3713 391 3786 (4,
411 3711 458 3772 16.
482 3710 542 3790 21)
578 3711 787 3792 interpretatus
822 3719 866 3771 est
901 3697 1049 3800 όπατική
1081 3711 1224 3790 ἐξουσίᾳ.
1276 3712 1409 3773 Pertinet
1443 3712 1503 3773 huc
1536 3711 1626 3772 etiam

263 3814 486 3896 participiorum
518 3833 590 3877 usus
621 3816 656 3877 ad
690 3815 891 3876 Romanorum
925 3816 1167 3878 consuetudinem
1201 3816 1376 3895 plerumque
1410 3817 1626 3893 frequentatus,

263 3919 359 3991 velut,
390 3929 424 3981 ut
442 3927 540 3980 'unum
563 3939 600 3980 ex
623 3918 726 3981 multis
748 3921 895 4000 proferam
916 3919 1082 4000 exemplum
1108 3921 1157 3996 11,
1177 3917 1214 3979 12
1232 3919 1378 4000 θέατρον
1397 3915 1454 3978 ἐπὶ
1478 3914 1627 3998 ἐδάφους

264 4019 299 4083 ἐκ
323 4019 481 4083 πλείστου
504 4022 622 4102 μέρους
645 4017 891 4104 ἀγορασθέντος
914 4016 1086 4103 ἀνήγειρας
1114 4041 1180 4083 raro
1202 4041 1270 4083 vero
1297 4021 1362 4082 talia
1386 4021 1421 4082 ad
1444 4019 1626 4082 Graecorum

263 4126 341 4205 leges
364 4133 509 4195 correcta,
537 4125 617 4187 velut
642 4125 725 4200 tao
751 4121 773 4188 ἀ
798 4123 869 4203 tote
892 4125 979 4204 cdxcv
1002 4121 1218 4208 ἱεροσυλήσας
1245 4125 1331 4207 (quoe
1357 4125 1485 4205 spoliatis
1512 4126 1628 4204 templis

261 4225 449 4309 possederat).
487 4226 625 4291 Latinum
642 4230 735 4309 magis
749 4247 838 4309 quam
855 4228 999 4289 Graecum
1016 4247 1103 4289 usum
1120 4228 1225 4308 resipit
1245 4229 1420 4290 vocabulum
1443 4224 1628 4308 πράγματα

264 4331 294 4406 2,
312 4331 360 4392 15.
380 4331 419 4392 16
434 4327 494 4392 διά
517 4329 557 4392 τά
580 4328 758 4413 πράγματα
782 4331 819 4406 (si
842 4331 913 4392 haec
934 4340 1014 4393 recte
1036 4332 1168 4412 suppleta
1192 4333 1275 4412 sunt)
1299 4327 1322 4393 ἃ
1342 4326 1554 4414 κατιόρθοισα
1576 4332 1626 4413 (ot

264 4454 309 4498 res
332 4453 408 4496 ome
420 4453 554 4516 prospere
567 4433 672 4516 pestes)
688 4444 717 4497 et
733 4435 761 4508 5,
778 4435 806 4496 6.
824 4436 842 4494 7
866 4432 1001 4496 πολλῶν
1020 4432 1224 4517 πραγμάτων
1240 4418 1373 4519 μίμημα
1394 4432 1537 4516 ἐμαυτόν
1551 4445 1626 4509 τοῖς

264 4539 442 4621 μετέπειτα
464 4536 645 4620 παρέδωκα
660 4537 730 4620 (ipse
745 4539 904 4600 multorom
925 4556 1025 4600 ιενυοι
1046 4540 1179 4621 coempto
1199 4540 1337 4601 imitando
1356 4540 1478 4620 posteris
1492 4538 1624 4618 tradidi).

264 4641 397 4723 lienique
419 4641 617 4704 memorabilis
640 4649 685 4702 est
706 4639 919 4722 interpretandi
940 4641 1015 4703 ratio
1040 4644 1067 4715 1,
1083 4644 1111 4704 4.
1129 4644 1164 4704 5:
1193 4641 1311 4725 scripsit
1319 4643 1483 4730 ‘Augustus
1508 4653 1627 4705 εειιοτιιτ

266 4747 381 4809 decretis
404 4745 566 4826 ίιουοιίγίείε
587 4747 619 4808 in
641 4745 768 4809 ordieem
789 4763 872 4806 snum
895 4763 939 4806 mc
962 4743 1077 4825 adiecit,
1107 4764 1182 4824 quae
1204 4746 1252 4807 ille
1274 4764 1333 4808 nou
1355 4745 1475 4824 quidem
1497 4746 1535 4806 ad
1556 4764 1626 4807 rer·
