3525 5417
261 348 355 405 XXVI

262 547 290 589 ee
311 529 359 608 fut
380 530 533 590 dbtcrmiub
554 532 573 592 d
592 548 638 591 me
661 528 762 591 loiseer
779 530 907 611 prendre
930 530 1123 607 l’e'uecriptt'ou,
1145 528 1167 589 d
1189 529 1343 609 m'oeer'puo
1365 530 1405 592 dee
1426 530 1527 592 betereo
1549 532 1622 613 qu'il

264 642 327 692 crut
348 632 388 691 lea
406 630 474 711 plau
492 650 611 713 propter
629 651 706 714 pour
728 634 757 694 la
779 636 872 713 capior
886 651 954 694 roua
974 634 1032 693 ctre
1054 650 1108 693 ou:
1129 650 1202 693 noue
1224 632 1367 694 obotttmee
1388 634 1460 694 douc
1475 633 1620 696 leee'uter-

262 733 351 795 oollee
380 753 433 815 que
461 735 500 796 les
530 735 616 797 Turcs
643 755 678 798 ne
708 742 840 799 eteuueut
865 738 947 815 potet
969 735 988 795 d
1009 734 1040 795 lo
1058 734 1170 813 prt'e're;
1198 745 1359 796 outremeut
1376 735 1408 813 je
1429 736 1559 799 re’eurot'e
1577 756 1621 819 pu

263 856 298 898 ete
324 841 408 899 venir
429 840 448 899 d
469 856 535 900 mou
557 839 693 910 boreueur,
723 850 749 901 et
771 848 846 899 toute
868 856 919 899 scu
942 838 1064 899 uutom'tc'
1084 836 1212 899 u’uuroit
1235 838 1268 899 de
1290 842 1354 899 rieu
1375 843 1452 899 serui
1471 851 1567 901 contre
1589 841 1622 903 lo

264 940 393 1001 couodle.
438 942 473 1003 de
503 946 676 1019 commueret
701 944 719 1004 o'
737 941 864 1021 prendre
887 950 955 1001 cette
977 939 1048 1001 belle
1069 944 1235 1019 e'mcm‘ptiou
1258 940 1283 1002 le
1300 945 1427 1021 premier
1447 941 1621 1022 Septembre,

264 1053 290 1104 et
314 1043 346 1121 je
373 1042 453 1104 u’eus
479 1044 565 1123 puero
587 1044 700 1106 d’outre
722 1049 886 1125 occupatiore
903 1042 1023 1123 jusqu'd
1044 1062 1073 1104 ce
1094 1060 1147 1123 que
1164 1044 1197 1121 je
1220 1042 1317 1105 deeuse
1338 1045 1414 1125 firtie.
1458 1045 1531 1106 Post
1551 1046 1621 1107 alia:

263 1145 299 1207 de
322 1146 372 1206 21.
393 1144 539 1224 j'ocbevui
563 1148 596 1208 de
620 1150 713 1228 cope'er
735 1146 921 1225 l'iuecriptiou
942 1144 1049 1207 Lotiue.
1095 1145 1141 1206 Ort
1161 1156 1227 1225 peut
1249 1148 1319 1218 dire,
1342 1165 1409 1210 some
1431 1149 1565 1211 creiudre
1587 1150 1621 1212 de

263 1267 291 1310 se
321 1259 462 1329 tromper,
490 1248 589 1330 qu'elle
617 1261 658 1311 eet
686 1250 845 1330 eufiuimeut
868 1248 937 1329 plue
958 1257 1056 1308 euocte
1087 1248 1172 1327 qu’ou
1191 1267 1228 1309 ue
1251 1248 1289 1311 l'o
1308 1268 1361 1329 pce
1382 1268 1481 1313 encore
1503 1251 1620 1313 domnio.

265 1351 346 1413 Ceuec
372 1357 422 1432 que¹
447 1372 475 1413 ee
504 1353 662 1414 douteeroret
689 1353 720 1413 to
746 1358 829 1431 potue
859 1353 893 1413 de
922 1352 952 1412 lc
973 1350 1106 1430 coufbrer
1128 1370 1194 1413 ooec
1217 1351 1256 1412 lea
1277 1356 1444 1431 empre'me‘ee,
1468 1374 1504 1415 eu
1525 1366 1621 1417 serent

265 1457 400 1517 uuest-tot
426 1460 606 1517 convotucus.
651 1455 746 1534 lpsarn
775 1453 998 1533 inscriptionem
1026 1453 1116 1515 edidit
1142 1453 1173 1514 in
1201 1454 1316 1515 itineris
1344 1455 1407 1517 eiua
1436 1458 1621 1520 enarratione

265 1560 383 1639 (voycqe
413 1557 453 1617 du
474 1556 560 1619 Sieur
582 1558 656 1619 Paul
677 1557 769 1620 lucos
798 1558 853 1637 [ott
875 1558 947 1619 dores
969 1558 998 1619 lo
1022 1557 1116 1629 (brice,
1140 1557 1222 1618 l’du'e
1243 1562 1381 1629 mtueure,
1404 1559 1435 1621 lo
1457 1558 1622 1624 bioce'dom‘e

265 1671 291 1722 et
315 1659 464 1741 ddsre'que.
509 1659 628 1721 Parisiis
653 1660 744 1720 1712.
768 1659 811 1739 8.)
833 1659 926 1720 voli
954 1662 984 1721 iu
1013 1659 1110 1721 tabula
1138 1659 1249 1721 adiecta
1276 1661 1311 1721 ad
1334 1680 1362 1740 p.
1379 1660 1451 1723 393.
1494 1664 1622 1743 Collegio

266 1763 476 1843 capucinorum
506 1765 630 1824 fratrum
659 1764 738 1842 quod
761 1766 904 1843 Smyrnae
933 1770 978 1823 est
1006 1773 1069 1824 tum
1098 1762 1283 1843 praepositus
1311 1763 1464 1827 lerotheus
1490 1786 1517 1827 a.
1540 1767 1622 1829 troo

266 1866 396 1929 narrarit
417 1866 564 1928 Sherardo
591 1865 681 1944 (sicut
707 1870 797 1927 refert
819 1866 952 1927 Cbisbull
973 1875 1033 1926 ant.
1056 1865 1147 1926 balat.
1170 1884 1198 1944 p.
1217 1868 1289 1940 171)
1312 1869 1480 1948 exemplum
1502 1888 1519 1930 a
1543 1888 1623 1930 mer·

266 1981 363 2033 catere
386 1970 467 2031 Gallo
489 1969 516 2030 le
537 1968 628 2029 Favre
651 1969 780 2050 Ancyrae
802 1989 855 2050 per
876 1969 987 2048 aliquot
1008 1986 1101 2029 annos
1124 1980 1304 2031 commoratu
1327 1971 1419 2032 nitide
1442 1971 1622 2052 descriptum

267 2075 376 2135 Lucam
406 2073 443 2134 ab
474 2073 538 2134 eius
565 2071 651 2133 vidua
679 2074 786 2133 emisse
814 2072 902 2151 idque
928 2090 982 2151 pro
1009 2090 1064 2132 suo
1085 2071 1297 2146 venditavisse3
1326 2084 1505 2154 quapropter
1526 2075 1622 2137 Lucae

266 2179 431 2257 exemplum
460 2195 518 2238 non
545 2194 611 2237 raro
640 2176 748 2237 dicitur
770 2175 955 2237 Fabrianum.
1001 2175 1057 2235 Sed
1081 2174 1216 2253 equidem
1242 2176 1333 2254 magis
1355 2177 1442 2238 fidem
1466 2178 1621 2240 habuerim

266 2281 377 2355 Lucae,
411 2298 499 2359 quem
533 2278 693 2340 veridicum
728 2278 879 2339 homiuem
914 2296 978 2337 esse
1011 2277 1141 2356 repperi,
1176 2296 1264 2356 quam
1301 2278 1421 2341 incertis
1449 2280 1623 2342 rumoribus

267 2382 491 2464 smyrnensium
528 2382 627 2443 relatis
656 2402 671 2443 a
700 2379 862 2443 Chishullio
890 2380 992 2460 iniquo
1021 2380 1116 2441 Lucae
1146 2380 1351 2442 obtrectatore.
1378 2414 1421 2425 —-
1448 2382 1624 2464 Exemplum

267 2486 362 2548 Lucae
389 2485 468 2546 inter
493 2484 660 2565 antiquiora
687 2503 779 2545 unum
808 2484 928 2564 plenum
959 2493 1021 2555 est,
1052 2502 1120 2545 cum
1149 2501 1216 2543 vere
1246 2485 1393 2546 contineat
1421 2504 1473 2547 aex
1501 2488 1624 2567 paginas

267 2588 416 2650 universas
445 2607 462 2649 a
490 2588 583 2668 capite
609 2588 645 2649 ad
667 2588 776 2649 calcem
799 2586 943 2648 indelessa
966 2586 1109 2647 industria
1132 2595 1281 2665 exceptas,
1310 2595 1341 2648 et
1361 2588 1496 2651 omnium
1519 2608 1624 2651 eorum

266 2692 352 2771 lenge
375 2690 572 2753 utilissimum.
608 2690 708 2770 Neque
731 2690 850 2770 paginas
873 2689 1017 2769 separavit
1039 2707 1134 2768 neque
1156 2688 1290 2751 distinxit
1311 2690 1415 2770 capita,
1437 2703 1468 2754 at
1482 2712 1623 2755 versuum

267 2793 439 2856 divisionem
471 2813 537 2856 raro
564 2794 690 2874 neglexit
718 2802 748 2854 et
775 2792 853 2872 qued
882 2791 1045 2853 maximum
1067 2800 1125 2864 eut,
1153 2792 1234 2853 nullo
1256 2793 1320 2855 loco
1342 2796 1546 2875 supplementa
1569 2797 1625 2858 ob-

268 2898 372 2973 trusit,
406 2899 456 2960 sed
490 2916 564 2977 quos
595 2897 650 2958 sibi
680 2897 758 2959 risus
787 2904 833 2957 est
859 2894 955 2956 videre
983 2894 1090 2956 ductus
1117 2914 1167 2955 eos
1196 2896 1273 2957 bona
1300 2897 1357 2958 fide
1384 2899 1623 2978 repraesentavit.

267 3001 344 3075 Quid
371 3002 450 3079 quod
480 3000 567 3061 etiam
593 3000 757 3062 litterarum
785 2999 1002 3079 deperditarum
1031 3016 1189 3060 numerum
1216 3000 1334 3079 punctis
1360 3001 1464 3080 positis
1490 3012 1625 3064 accurate

267 3106 440 3185 plerumque
474 3103 620 3165 indicarit.
670 3103 767 3175 Quare
795 3102 845 3165 ubi
874 3100 987 3180 antiqui
1008 3100 1153 3163 excitandi
1176 3111 1259 3177 sunt,
1289 3104 1473 3165 redeundum
1496 3114 1543 3167 est
1563 3109 1626 3167 lere

267 3208 302 3269 ad
326 3207 446 3268 Lucam.

374 3310 511 3389 Exempla
536 3308 607 3369 baec
628 3306 793 3386 antiquiora
817 3310 897 3381 (nam
920 3317 989 3387 post
1004 3307 1112 3368 Lucam
1136 3316 1255 3387 excepta
1277 3307 1376 3369 omnia
1398 3310 1434 3370 ad
1450 3311 1624 3372 universum

269 3420 496 3475 monumentum
520 3411 706 3491 perveniunt)
729 3429 802 3490 ques
825 3410 1011 3473 monumenti
1033 3418 1131 3490 partes
1153 3410 1395 3491 complectantur,
1417 3412 1570 3492 apparebit
1588 3432 1626 3475 ex

269 3517 409 3578 laterculo
431 3514 577 3576 subiecto:

593 3717 759 3775 Buebequlnni
837 3722 841 3825 y
929 3718 1025 3763 Cotton
1153 3717 1301 3762 Tonruedort
1382 3716 1460 3761 Lucas

404 3772 499 3818 Tabula
648 3774 706 3816 lbbb.
898 3776 955 3816 ante
969 3784 990 3816 a.
1006 3773 1057 3815 teto
1195 3773 1256 3815 etot.
1397 3772 1449 3815 17115

461 3884 471 3935 1
648 3881 713 3932 1-4
938 3882 1019 3931 1-27
1382 3881 1461 3932 1-31

450 4006 471 4056 11
641 4004 723 4055 1-11
937 4004 1018 4056 1-13
1142 4000 1192 4051 adl.
1212 4000 1314 4051 21—32
1398 4003 1443 4054 tut.

439 4120 470 4174 111
654 4120 701 4172 int.
956 4122 1003 4172 int.
1398 4121 1445 4170 int.

437 4234 470 4287 lv
540 4234 630 4286 1-30.
650 4234 691 4285 38.
710 4234 812 4285 lto-54
864 4232 956 4286 1—33.
991 4234 1093 4284 lo-tt
1397 4235 1445 4285 int.

446 4346 470 4399 V
647 4350 712 4399 1-3
925 4345 1028 4396 tlt-lt
1143 4344 1193 4394 udi.
1212 4344 1315 4395 oo—el
1396 4347 1443 4396 int.

435 4457 469 4510 Vl
620 4464 641 4512 l.
661 4460 684 4510 9.
706 4460 735 4512 13
965 4486 998 4495 -
1397 4458 1444 4508 int.
