3525 5417
757 341 781 408 1,
799 343 905 398 ea-ee
1464 347 1505 410 29

156 529 332 601 potestatem
362 521 574 602 tribuniciam),
601 525 756 602 quoiates,
784 539 954 602 quemquem
984 525 1043 583 siae
1074 539 1209 583 censurae
1242 521 1361 596 bonore,
1393 542 1506 586 renuam

157 635 252 686 lomes
269 625 373 705 popule·
392 635 436 686 ter
456 629 519 704 egit,
546 627 675 703 parinum
697 643 730 686 oc
752 629 864 686 eertum
887 643 951 685 cum
974 624 1087 705 college,
1115 625 1240 686 medium
1266 627 1351 688 solos.
1396 625 1449 687 Dio
1470 627 1506 688 ad

155 746 182 788 a.
202 726 266 788 735
285 727 350 807 (54,
373 728 439 804 lor:
468 722 666 809 ἐπιμελητής
694 750 729 789 τε
755 728 819 790 τῶν
845 723 979 808 τρόπον
1007 724 1040 799 ἐς
1073 728 1171 791 πέντε
1200 725 1252 812 ἔτη
1279 726 1508 812 παρακληθεὶς

157 827 427 914 διεχειροτονήθη
458 827 515 891 καὶ
547 827 606 911 τὴν
636 827 789 902 ἐξουσίαν
822 829 881 913 τὴν
911 827 971 910 μὲν
996 829 1061 892 τῶν
1089 831 1232 913 τιμητῶν
1262 829 1294 905 ἐς
1319 827 1378 894 τὸν
1408 828 1508 894 αὐτὸν

155 929 288 1014 χρόνον,
310 931 368 1012 τὴν
390 928 428 996 δὲ
449 933 514 995 τῶν
539 924 678 996 ὕπατον
706 930 764 996 διὰ
787 935 862 1013 βίου
886 929 1015 1013 ἔλαβεν,
1042 933 1111 996 ilem
1135 936 1171 996 ad
1194 955 1219 995 a.
1237 935 1298 998 742
1314 936 1378 1016 (54,
1395 934 1464 1010 30):
1488 930 1507 998 o‘

160 1033 367 1114 Αὔγουστος,
390 1030 589 1119 ἐπιμελητής
609 1059 644 1098 τε
666 1035 720 1098 καὶ
744 1033 980 1120 ἐπανορθωτής
1002 1033 1218 1118 τῶντρόπων
1241 1036 1273 1111 ἒς
1296 1041 1388 1120 ἕτερα
1411 1041 1508 1101 πέντε

156 1136 212 1222 ἔτη
239 1135 407 1222 αἱρεθείς,
439 1144 495 1201 καί
527 1136 588 1221 γὰρ
620 1138 715 1202 τοῦτο
745 1137 829 1201 κατὰ
859 1140 1090 1221 προθεσμίας,
1125 1133 1235 1226 ὥσπερ
1267 1162 1333 1204 πον
1364 1142 1419 1203 καὶ
1449 1139 1507 1226 τὴν

155 1245 357 1325 μοναρχίαν,
388 1235 560 1322 ἐλάμβανε.
594 1277 636 1286 -
665 1241 707 1302 Ex
741 1243 787 1304 bis
824 1241 999 1304 testimoniis
1037 1253 1139 1322 poetae
1171 1245 1304 1324 aequales
1337 1246 1381 1306 vel
1414 1253 1507 1306 aetate

155 1365 298 1426 suppares
324 1364 392 1406 cum
419 1344 516 1407 indice
543 1346 626 1408 facile
656 1345 862 1419 conciliantur3
895 1364 964 1408 nam
996 1345 1036 1407 ita
1063 1345 1197 1409 alludunt
1219 1348 1254 1409 ad
1281 1366 1380 1409 curam
1408 1347 1506 1427 legum

155 1467 342 1529 morumque,
366 1457 399 1510 ut
420 1468 452 1509 re
474 1468 538 1510 eam
559 1448 663 1510 Caesar
684 1449 854 1520 exercuerit,
877 1449 1017 1510 nimbum
1041 1451 1096 1512 sub
1119 1451 1204 1513 titulo
1227 1451 1399 1513 tribuniciae
1422 1460 1507 1531 pote·

156 1552 250 1626 statis,
266 1560 301 1612 ut
314 1551 534 1631 ipsebugustus
548 1550 598 1625 ait,
613 1571 708 1631 neque
724 1552 897 1632 impediunt,
913 1553 1071 1631 quominus
1086 1554 1348 1616 extraordinarium
1365 1555 1505 1616 bonorem

155 1654 327 1735 repudiarit
359 1655 398 1716 At
413 1654 572 1716 Suetonius
593 1663 624 1716 et
638 1655 691 1717 bio
712 1663 742 1716 et
763 1654 840 1716 inter
861 1675 893 1716 se
908 1665 1040 1736 pugnant
1061 1665 1091 1717 et
1105 1657 1198 1719 multo
1215 1656 1306 1738 magis
1319 1676 1387 1719 cum
1403 1657 1506 1730 indice,

156 1757 196 1819 ita
220 1766 254 1819 ut
275 1757 344 1837 quid
366 1757 397 1817 in
420 1775 523 1819 eorum
544 1757 761 1820 narrationibus
783 1758 844 1819 veri
865 1761 952 1821 lateat
973 1759 1020 1820 vix
1035 1778 1182 1839 agnoscas.
1214 1760 1320 1822 Curam
1335 1771 1506 1842 perpetuam

156 1861 249 1922 luisse
272 1859 432 1923 Suetonius
453 1861 611 1934 contendit,
634 1861 687 1923 Dio
711 1862 807 1923 datam
829 1880 894 1922 esse
915 1862 1047 1940 Augusto
1069 1883 1094 1924 a.
1118 1863 1178 1924 735
1201 1864 1232 1924 in
1259 1863 1505 1943 quinquennium,

156 1964 263 2025 deinde
284 1983 309 2025 a.
326 1964 385 2024 741
409 1963 442 2024 in
463 1964 587 2026 alterum
610 1964 854 2044 quinquennium,
877 1963 1031 2027 demedio
1059 1975 1189 2046 tempore
1218 1984 1322 2047 parum
1350 1967 1505 2042 sollicitus;

156 2067 215 2128 iam
232 2068 382 2146 Augustus
398 2067 499 2129 scribit
513 2086 577 2129 eam
593 2087 695 2129 curam
711 2077 756 2130 ter
770 2067 825 2129 sibi
845 2068 975 2130 oblatum
996 2088 1070 2142 esse,
1093 2071 1221 2150 primum
1244 2090 1269 2132 a.
1287 2069 1348 2131 735
1370 2070 1507 2136 semestri

146 2170 297 2244 secundo,
331 2171 438 2232 iterum
470 2189 547 2232 anno
581 2179 732 2251 sequente,
767 2171 885 2232 tertium
913 2191 938 2232 a.
960 2173 1037 2246 7433
1064 2173 1095 2234 in
1122 2174 1229 2254 quibus
1258 2175 1341 2235 annis
1364 2153 1506 2235 elementa

79 2277 82 2281 ’
158 2274 300 2353 quaedam
322 2273 498 2336 narrationis
520 2273 673 2337 Cassianae
695 2274 963 2354 deprehenduntur.
1008 2275 1102 2338 Etiam
1125 2277 1204 2357 quod
1226 2276 1326 2338 scribit
1349 2277 1506 2339 Suetonius

157 2377 221 2438 eius
243 2394 330 2438 curae
352 2377 416 2438 iure
437 2385 483 2438 ter
503 2396 571 2438 eum
594 2395 717 2438 censum
739 2377 842 2457 egisse,
865 2379 1083 2458 quodammodo
1105 2381 1295 2442 coniunctum
1312 2380 1507 2443 videturesse

158 2498 217 2542 nen
244 2480 340 2542 solum
367 2499 436 2542 cum
463 2480 557 2542 tribus
585 2479 720 2542 censibus
747 2499 814 2542 vere
843 2481 879 2542 ab
902 2483 1032 2562 bugusto
1059 2483 1142 2545 lactis
1164 2484 1204 2563 (r.
1219 2504 1248 2564 p.
1265 2482 1328 2562 36),
1355 2483 1406 2544 sed
1435 2483 1504 2546 item

157 2602 225 2645 cum
249 2583 325 2646 trina
345 2583 394 2644 illa
414 2600 499 2644 curae
515 2583 676 2658 oblatione3
698 2584 749 2645 sed
764 2584 793 2645 id
810 2592 843 2645 ut
856 2583 1023 2665 largiamur,
1046 2586 1080 2647 ad
1097 2586 1225 2649 veritatis
1241 2585 1390 2648 modicum
1405 2595 1506 2648 auctor

157 2687 314 2750 admiscuit
341 2685 525 2768 gravissimos
552 2706 680 2748 errores:
708 2687 848 2749 nimirum
881 2707 987 2750 census
1016 2688 1079 2752 illos
1105 2690 1197 2770 egisse
1220 2689 1335 2770 seipse
1357 2689 1506 2768 Augustus

157 2790 261 2853 scribit
289 2800 340 2853 aut
361 2791 510 2853 consulem
532 2799 585 2853 aut
605 2790 670 2853 iure
691 2791 846 2864 consulari,
867 2809 964 2872 neque
987 2791 1045 2852 ullo
1068 2791 1154 2852 modo
1170 2810 1219 2854 eos
1234 2810 1319 2872 agere
1334 2792 1429 2873 potuit
1443 2791 1506 2852 iure

157 2913 244 2956 curae
259 2913 346 2974 quam
361 2913 422 2956 non
450 2895 575 2976 accepit,
603 2913 698 2973 neque
727 2894 853 2974 denique
885 2913 1026 2956 censuum
1057 2893 1147 2956 trium
1170 2895 1240 2955 anni
1262 2893 1332 2957 726.
1350 2895 1420 2956 746.
1445 2895 1505 2957 767

156 2997 192 3059 ad
218 3015 321 3060 curam
344 2999 439 3079 legum
463 2998 522 3059 ullo
544 2997 631 3060 modo
652 2997 810 3079 pertinent.
832 3034 874 3043 -
897 2997 949 3060 His
970 2999 1059 3078 igitur
1082 2996 1179 3058 missis
1205 2997 1400 3079 posteriorum
1423 3017 1506 3060 eom-

156 3101 265 3162 mentis
288 3101 347 3162 duo
369 3108 439 3162 sunt
460 3120 535 3181 quae
556 3109 668 3162 restant
689 3101 887 3182 expendenda,
911 3100 1021 3162 scilieet
1041 3099 1135 3180 qualis
1150 3119 1214 3161 esse
1230 3100 1363 3162 debuerit
1376 3110 1506 3181 potestas

157 3203 205 3265 illa
231 3211 333 3266 contm
359 3202 470 3284 patrios
498 3221 596 3264 mores
623 3203 780 3265 constituta
808 3212 838 3264 et
868 3213 1021 3284 propterea
1056 3202 1092 3264 ab
1120 3202 1251 3282 Augusto
1285 3205 1448 3284 repudiata,
1477 3215 1506 3267 et

156 3325 300 3386 quaenam
328 3306 441 3368 occasio
470 3306 558 3368 luerit
591 3306 655 3368 eins
687 3308 859 3369 offerendae.
904 3307 959 3368 Sed
992 3306 1074 3368 illum
1107 3306 1205 3367 locum
1238 3325 1307 3368 cum
1339 3307 1407 3368 alibi
1434 3307 1505 3370 satis

157 3409 306 3472 naotarim
321 3408 508 3490 (Stoctsrecbt
522 3407 562 3469 2²
576 3430 604 3490 p.
621 3409 763 3491 686seq.)
786 3410 1023 3489 ostenderimque
1045 3427 1107 3470 eam
1132 3428 1148 3470 a
1169 3409 1363 3471 decemviratu
1380 3410 1505 3472 dictatu-

155 3531 247 3593 raque
273 3511 345 3592 legis
367 3511 495 3574 Valeriae
518 3513 636 3574 Sullana
662 3513 864 3595 similibusque
892 3512 1085 3594 potestatibus
1111 3513 1229 3574 nomine
1252 3513 1342 3592 magis
1363 3532 1450 3593 quam
1474 3532 1505 3574 re

158 3615 282 3689 differre,
306 3616 379 3677 alter
401 3624 536 3696 superest
557 3616 592 3676 de
614 3635 700 3678 causa
723 3616 872 3679 offerendi.
909 3616 980 3677 Eam
1003 3615 1045 3676 sic
1067 3619 1127 3676 lere
1149 3615 1267 3678 tradidit
1288 3615 1341 3677 Dio
1363 3616 1426 3695 (54,
1452 3616 1505 3690 1ος

157 3720 193 3780 τί.
214 3717 264 3793 53,
286 3717 342 3790 24,
365 3720 435 3781 item
462 3717 587 3780 Velleius
609 3718 639 3790 2,
662 3720 711 3781 91.
736 3719 776 3782 92
799 3728 829 3782 et
851 3719 1008 3781 Suetonius
1031 3720 1103 3798 bug.
1131 3718 1192 3796 19).
1235 3720 1321 3780 Anno
1343 3739 1372 3780 n.
1395 3737 1420 3780 e.
1444 3715 1505 3780 735

156 3822 288 3902 Angusto
306 3822 394 3884 etiam
412 3832 475 3884 tum
496 3822 526 3883 in
547 3821 615 3884 Asia
636 3833 769 3885 morante
790 3843 857 3886 cum
880 3823 918 3884 bl.
934 3821 1074 3901 Egnatius
1096 3820 1190 3883 Rufus
1211 3821 1241 3883 in
1263 3821 1360 3884 locum
1381 3822 1506 3901 Augusti

156 3925 207 4005 qui
229 3934 378 3988 recusarat
399 3926 583 3987 consulatum
607 3937 708 4006 petens
731 3926 832 3987 turbas
854 3925 1027 3986 suscitasset
1046 3943 1141 4005 neque
1163 3925 1330 3986 acaedibus
1346 3925 1505 3987 abstinuis-

156 4039 202 4091 set
234 4029 448 4109 consiliumque
480 4030 553 4091 adeo
582 4029 675 4109 ipsius
704 4029 828 4109 Augusti
864 4028 1058 4090 interficiendi
1089 4028 1200 4108 cepisse
1228 4028 1390 4103 diceretur,
1424 4028 1505 4089 urbis

155 4141 254 4194 autem
277 4141 397 4214 propter
418 4133 489 4194 baec
510 4132 630 4194 consilia
652 4143 815 4194 commotae
836 4131 1000 4194 custodiam
1020 4151 1036 4193 a
1058 4143 1161 4192 senatu
1182 4130 1346 4192 mandatam
1364 4149 1440 4192 unus
1455 4131 1520 4211 qui'

156 4245 220 4298 tum
243 4243 307 4298 erat
327 4235 429 4297 consul
451 4234 482 4298 C.
499 4235 617 4298 Sentirm
641 4247 778 4317 tanquam
802 4244 883 4297 tanto
906 4235 1022 4315 negotio
1043 4234 1139 4316 impar
1159 4244 1332 4309 recusasset,
1356 4235 1505 4314 Augustus

155 4339 286 4421 primum
309 4338 341 4400 in
361 4338 465 4401 itinere
486 4339 514 4401 ei
534 4339 577 4401 rei
599 4341 725 4422 providit
747 4349 780 4401 ut
801 4339 906 4420 potuit,
929 4339 1033 4400 deinde
1056 4339 1101 4400 die
1125 4338 1189 4401 Oct.
1207 4338 1246 4399 12
1261 4338 1385 4401 Romam
1407 4357 1505 4401 rever-

151 4463 208 4538 sus
234 4441 364 4523 quietem
396 4441 439 4503 rei
470 4443 603 4523 publicae
634 4443 767 4506 reddidit
823 4441 863 4504 Ea
891 4442 981 4521 igitur
1012 4443 1174 4517 occasione,
1210 4443 1320 4505 scilicet
1347 4443 1415 4504 anni
1444 4441 1505 4504 735

154 4545 292 4610 semestri
314 4545 452 4620 seeundo,
474 4556 593 4608 senatus
615 4547 799 4628 populusque
814 4547 972 4626 petierunt,
996 4557 1029 4608 ut
1044 4545 1099 4608 sub
1113 4565 1200 4608 curae
1217 4548 1314 4626 legum
1331 4564 1506 4626 morumque

154 4649 296 4712 vocabulo
318 4637 580 4712 extraordinarium
603 4650 761 4732 imperium
784 4649 954 4730 susciperet
991 4648 1140 4730 Repetitae
1163 4669 1239 4712 anno
1254 4651 1388 4731 proximo
1403 4669 1505 4732 preces

154 4753 345 4836 explicatione
378 4771 438 4815 uon
467 4753 614 4834 indigent3
645 4763 713 4836 post
740 4763 806 4816 octo
834 4771 928 4815 anuos
955 4771 1023 4816 vero
1050 4772 1103 4816 cur
1132 4757 1252 4818 tertium
1278 4755 1406 4838 prolatae
1436 4754 1505 4829 sint,
1617 4761 1623 4779 ‘
