3525 5417
263 373 325 437 148
852 369 900 436 VI,
923 371 1025 426 13-23

258 573 314 616 nec
328 564 460 634 tempore
475 550 636 632 praefinito,
652 550 782 630 primurn
799 550 949 612 universas
966 551 1078 613 senatui
1094 551 1228 624 reddidit,
1251 551 1356 613 deinde
1371 561 1483 632 partem
1499 571 1609 622 earum,

257 657 398 719 nimirum
426 675 475 718 eas
501 674 575 735 quae
598 654 734 735 deinceps
756 653 888 714 Caesaris
910 654 966 716 dici
988 663 1106 736 coeptae
1129 665 1215 726 sunt,
1242 655 1284 717 ita
1305 657 1423 736 recepit,
1446 665 1480 717 ut
1501 657 1536 717 ad
1558 657 1611 716 de-

258 760 394 823 cennium
417 760 453 822 iis
475 765 623 840 praeesset
645 758 708 819 loco
732 757 942 836 proconsulari.
967 767 1000 819 ut
1022 757 1046 818 si
1068 777 1127 819 non
1150 777 1226 830 vere,
1250 767 1328 818 certe
1350 777 1412 820 non
1435 759 1498 820 sine
1515 759 1610 840 specie

258 863 394 925 veridici
417 871 517 943 posset
543 861 602 922 iam
624 860 789 938 Augustum
820 861 885 922 iure
912 879 971 922 non
1002 861 1118 922 dillarre
1140 881 1155 922 a
1178 861 1282 922 ceteris
1305 861 1375 923 viris
1397 861 1609 932 consularibus,

255 967 306 1046 qui
335 986 351 1028 a
379 976 482 1027 senatu
509 963 688 1046 provinciam
710 963 917 1026 obtinuissent.
963 963 1103 1026 Similiter
1125 964 1154 1025 in
1177 965 1297 1045 reliquis
1319 985 1437 1046 quoque
1458 967 1609 1045 augustus

255 1079 321 1150 post
347 1069 513 1150 depositum
543 1067 804 1129 extraordinarium
833 1067 876 1129 rei
905 1066 1036 1147 publicae
1064 1068 1285 1130 constituendae
1312 1069 1482 1141 arbitrium,
1510 1069 1539 1130 id
1564 1078 1610 1130 est

254 1183 322 1254 post
347 1173 465 1234 linitum
493 1171 723 1242 triumuiratum,
753 1179 923 1232 contentum
954 1190 985 1232 se
1011 1172 1051 1232 ait
1078 1170 1167 1232 luisse
1196 1171 1260 1232 iure
1286 1172 1448 1246 ordinario,
1477 1181 1511 1233 ut
1538 1172 1606 1233 item

253 1286 338 1339 antea
361 1277 423 1353 (Gr.
439 1275 468 1348 3,
493 1276 544 1348 17)
568 1282 692 1334 testatus
714 1281 760 1334 est
780 1274 896 1335 nullum
920 1273 1121 1353 magistratum
1146 1283 1246 1336 contra
1269 1275 1379 1354 patrios
1395 1294 1494 1337 mores
1508 1295 1608 1355 gerere

253 1399 285 1442 se
314 1378 441 1441 voluisse
468 1387 498 1439 et
523 1384 675 1456 propterca
704 1395 805 1438 curam
827 1377 925 1457 legum
952 1388 983 1439 et
1010 1396 1127 1439 morum
1155 1386 1200 1439 ter
1226 1378 1281 1438 sibi
1303 1379 1429 1440 oblatam
1452 1389 1498 1439 ter
1518 1398 1608 1459 repu-

253 1482 356 1544 diasse.
400 1483 437 1542 Et
462 1499 529 1541 rere
556 1480 584 1541 id
604 1479 755 1558 Augustus
777 1481 942 1556 contendit3
970 1481 1019 1542 sed
1043 1491 1150 1554 tamen,
1173 1499 1212 1541 ne
1233 1481 1358 1542 nimium
1381 1481 1488 1543 dixisse
1510 1482 1607 1543 ridea-

253 1605 337 1660 mur,
369 1583 533 1646 accuratius
565 1582 662 1664 paullo
695 1600 743 1644 res
775 1583 938 1645 delinienda
971 1593 1016 1645 est
1042 1595 1072 1645 et
1100 1585 1298 1646 moderatione
1324 1586 1448 1664 quadam
1478 1584 1607 1646 adhibita

253 1688 451 1770 temperanda.
495 1686 568 1748 Nam
595 1687 640 1748 vel
667 1706 702 1747 ex
728 1686 789 1747 sola
811 1687 874 1767 lege
896 1688 931 1748 de
953 1687 1076 1768 imperio
1098 1687 1267 1768 Vespasiani
1288 1698 1404 1750 constat
1425 1707 1486 1750 non
1508 1689 1605 1750 solum

251 1793 397 1874 plerisque
419 1791 531 1872 legibus
553 1790 665 1872 plebiae
687 1788 769 1852 scitis
790 1800 944 1870 exceptum
968 1791 1068 1864 luisse,
1092 1809 1128 1852 ne
1143 1792 1293 1870 Augustus
1316 1792 1352 1854 iis
1369 1801 1529 1865 teneretur,
1553 1794 1605 1853 sed

250 1897 338 1958 etiam
361 1897 493 1976 Augusto
523 1896 588 1974 lege
611 1894 729 1955 licuisse
754 1895 857 1955 foedus
887 1897 996 1968 lacere,
1019 1913 1087 1956 cum
1115 1894 1223 1974 quibus
1249 1895 1348 1968 vellat,
1378 1905 1512 1957 senatum
1536 1915 1605 1956 eum

249 1999 358 2060 habere
378 1999 510 2079 potuisse
531 2016 600 2059 cum
623 1997 767 2058 velletne
789 1997 917 2076 legitima
939 1997 1059 2077 quidem
1090 1997 1234 2060 edictione
1262 1999 1426 2072 observata,
1455 1999 1487 2059 in
1511 1999 1606 2078 roagi-

250 2102 390 2164 stratibus
417 2102 549 2163 creandis
575 2119 693 2169 eorum,
716 2119 790 2179 quos
812 2100 983 2181 suffragium
1005 2100 1167 2162 ferentibus
1190 2100 1339 2179 Augustus
1361 2100 1606 2172 commendasset,

250 2206 314 2268 iure
342 2215 422 2268 extra
449 2205 581 2267 ordinem
610 2203 753 2264 rationem
780 2203 942 2264 habendam
972 2205 1075 2277 luisse,
1103 2204 1228 2285 denique
1253 2204 1300 2265 ius
1322 2211 1555 2283 potestatemque
1578 2204 1605 2263 ei

250 2310 341 2372 luisse
362 2329 446 2390 agere
467 2313 561 2371 lacere
582 2325 784 2387 quaecumque
805 2307 968 2368 divinarum
992 2308 1188 2368 humanarum
1212 2307 1392 2387 publicarum
1408 2306 1605 2387 privatarum-

250 2433 308 2493 que
338 2432 438 2474 rerum
473 2433 509 2474 ex
541 2431 597 2474 usu
623 2412 665 2472 rei
692 2410 824 2490 publicae
850 2430 914 2472 essa
942 2410 1118 2484 censuissem
1148 2411 1225 2490 quod
1253 2410 1299 2472 ius
1326 2421 1391 2490 apte
1419 2408 1605 2470 concluditur

250 2515 420 2575 delinitione
443 2515 550 2575 Gaiana
572 2515 615 2594 (l,
639 2514 671 2592 5)
693 2532 849 2594 numquam
871 2513 1031 2575 dubitatum
1053 2533 1118 2586 esse,
1142 2515 1262 2595 quinia
1284 2515 1357 2594 quod
1378 2517 1533 2592 inperator
1552 2513 1604 2575 de-

250 2628 324 2680 creto
353 2618 399 2679 oei
425 2619 510 2679 eda'cto
537 2617 583 2678 oet
608 2619 730 2696 epistula
751 2621 950 2689 romatinum,
978 2617 1045 2698 lepis
1066 2621 1154 2679 vicem
1176 2618 1321 2679 obtineret.
1364 2615 1524 2697 Imperium
1547 2615 1604 2676 hoc

248 2721 318 2782 licet
351 2740 405 2783 nec
430 2739 462 2783 re
489 2740 544 2781 nec
571 2729 702 2799 tempore
729 2739 784 2781 nec
810 2720 874 2781 loco
903 2719 1018 2781 linitum
1047 2730 1078 2781 et
1103 2719 1364 2782 extraordinarium
1396 2721 1438 2781 vel
1466 2718 1602 2792 maxime,

248 2825 340 2886 nihilo
368 2825 467 2885 minus
494 2822 668 2903 applicatum
698 2823 914 2902 quodammodo
944 2822 978 2884 ad
1000 2822 1122 2903 imperia
1145 2822 1290 2884 ordinaria
1312 2823 1443 2902 Augusto
1467 2822 1602 2884 mandata

248 2927 314 2986 iure
335 2926 371 2987 ab
393 2927 428 2986 iis
450 2925 597 3005 pependit.
634 2925 779 2988 Nimirum
801 2928 951 3005 Augustus
972 2927 1085 3006 legibus
1108 2927 1275 2990 solvebatur
1296 2946 1356 2988 non
1379 2903 1526 2998 omnibus,
1550 2925 1601 2987 sed

248 3029 284 3090 iis
315 3030 423 3108 quibus
456 3048 530 3109 opus
564 3029 633 3098 luit,
666 3030 707 3092 ita
738 3048 806 3091 corn
834 3030 861 3090 ei
890 3031 955 3092 data
982 3040 1027 3092 est
1053 3029 1269 3110 proconsularis
1296 3039 1426 3109 potestas
1455 3029 1485 3089 in
1513 3029 1601 3090 certis

247 3131 423 3210 quibusdam
450 3132 621 3211 provinciis,
656 3133 716 3212 lege
742 3153 791 3203 ea,
820 3152 858 3194 nc
885 3133 1042 3214 proconsul
1069 3133 1100 3193 in
1127 3133 1200 3194 urbo
1229 3143 1393 3194 moraretur
1418 3151 1491 3194 neve
1519 3142 1600 3194 extra

246 3234 425 3316 provinciam
451 3236 629 3298 constitutus
652 3236 816 3316 provinciae
837 3245 1000 3316 praeesset,
1028 3238 1098 3297 item
1123 3255 1189 3298 oum
1215 3234 1402 3297 tribuniciam
1424 3243 1599 3314 potestatem

246 3339 372 3419 accepit,
400 3358 447 3413 ea,
474 3358 511 3401 ne
539 3339 679 3420 patricius
707 3341 796 3401 bomo
822 3339 853 3400 in
876 3340 1014 3401 subsellio
1038 3339 1194 3402 tribunicio
1216 3338 1390 3400 consideret.
1434 3339 1506 3399 ltem
1531 3357 1599 3399 cum

245 3442 282 3503 ad
304 3443 445 3522 populum
468 3446 601 3516 terretur,
625 3452 659 3505 ut
680 3443 727 3503 ius
749 3444 776 3504 ei
798 3452 876 3504 esset
895 3442 974 3522 pacis
991 3443 1125 3523 bellique,
1149 3441 1233 3504 cuius
1248 3442 1320 3522 legis
1335 3441 1515 3503 mentionem
1531 3441 1601 3502 lacit

246 3545 365 3619 Strabo,
392 3555 422 3607 et
447 3546 619 3627 privilegiis,
646 3565 720 3626 quae
748 3565 838 3625 supra
865 3565 901 3606 ex
929 3547 991 3625 lege
1021 3547 1056 3608 de
1080 3545 1255 3626 Vespasiano
1283 3545 1449 3618 attulimus,
1478 3543 1599 3623 aliisque

246 3649 390 3710 similibus
423 3659 457 3711 ut
488 3659 633 3725 uteretur,
670 3651 821 3730 Augustus
847 3649 1040 3710 nihilominus
1067 3650 1236 3712 adseverare
1270 3648 1366 3729 potuit
1398 3647 1599 3709 extraordina-

244 3751 323 3812 rium
345 3752 391 3813 ius
415 3772 446 3813 se
468 3752 605 3814 habuisse
628 3753 826 3826 triumvirum,
849 3762 951 3833 postea
973 3753 1119 3814 ordinario
1142 3752 1205 3813 iure
1229 3771 1260 3813 se
1284 3770 1370 3813 usum
1391 3770 1465 3824 esse,
1489 3751 1601 3814 scilicet

244 3855 407 3935 posteriore
429 3865 561 3936 tempore
581 3856 692 3918 nullam
715 3856 772 3916 iam
795 3865 969 3935 potestatem
994 3875 1024 3916 se
1047 3856 1197 3928 habuisse,
1220 3874 1295 3934 quae
1318 3873 1370 3915 sua
1393 3855 1420 3914 vi
1442 3866 1472 3916 et
1494 3865 1599 3917 natura

244 3959 472 4019 extraordinaria
500 3969 592 4032 esset,
619 3969 779 4040 potestates
807 3959 863 4020 sibi
890 3959 1041 4020 mandatas
1068 3960 1187 4020 nomine
1217 3958 1376 4018 ordinarias
1403 3958 1443 4019 ita
1473 3960 1599 4020 crevisse

244 4061 382 4123 clausulis
402 4062 531 4135 adiectis,
553 4072 587 4123 ut
608 4063 766 4142 legitimam
782 4070 957 4142 potestatem
974 4063 1092 4124 baberet
1107 4061 1227 4140 reliquis
1243 4061 1461 4140 magistratibus
1477 4062 1599 4122 omuino

244 4165 384 4226 maiorem
412 4175 442 4226 et
470 4185 487 4226 a
514 4175 657 4245 potestate
688 4165 860 4227 triumvirali
888 4185 922 4226 eo
952 4175 1066 4227 tautum
1094 4165 1254 4232 diversam,
1282 4163 1359 4242 quod
1387 4163 1451 4224 sine
1478 4165 1598 4225 nomine

242 4278 329 4340 esset,
352 4287 411 4329 non
434 4280 528 4348 negat,
551 4269 643 4330 immo
664 4269 705 4330 ait
727 4269 789 4347 ipse
810 4269 879 4328 alibi
900 4269 963 4347 (Gr.
980 4269 1008 4341 3,
1034 4269 1072 4331 19
1085 4274 1140 4347 sq.)
1162 4267 1328 4345 significans
1343 4268 1506 4346 posteriore
1522 4277 1598 4328 tem-

242 4389 313 4450 pore
341 4370 367 4430 si
392 4391 449 4450 qua
474 4382 555 4433 extra
578 4372 709 4433 ordinem
733 4371 788 4431 sibi
811 4371 985 4450 perficienda
1007 4381 1118 4444 essent,
1147 4391 1179 4433 eu
1200 4370 1347 4450 peregisse
1370 4389 1401 4430 se
1424 4390 1480 4450 ope
1504 4371 1599 4432 tribu

242 4474 334 4536 niciae
355 4475 517 4555 potestatis.
553 4475 660 4536 lisdem
683 4479 743 4535 lere
772 4473 869 4534 verbis
892 4474 1008 4536 Tacitus
1032 4475 1112 4554 (anu.
1132 4477 1163 4548 1,
1182 4477 1209 4535 1.
1226 4474 1257 4545 2)
1273 4473 1465 4553 posteriorem
1482 4474 1597 4555 imperii

242 4587 354 4659 partem
388 4578 547 4659 respiciens
573 4579 738 4658 Augustum
767 4578 869 4639 scribit
896 4579 1046 4640 consulem
1077 4597 1108 4639 se
1136 4582 1279 4638 terentem
1302 4584 1331 4637 et
1353 4576 1502 4638 tribunicii
1525 4577 1596 4638 iuris

241 4683 337 4764 specie
368 4682 518 4762 paullatim
552 4682 746 4743 insurrexisse
779 4681 935 4760 muniaque
968 4689 1088 4743 senatus
1121 4681 1345 4760 magistratuum
1378 4681 1476 4760 legum
1506 4681 1536 4742 in
1564 4701 1595 4742 sc

242 4786 372 4860 traxisse,
396 4784 522 4865 denique
544 4785 663 4847 nomine
685 4785 827 4867 principis
849 4795 954 4846 cuncta
976 4785 1032 4846 sub
1053 4785 1211 4867 imperium
1232 4783 1388 4865 accepisse.
1430 4785 1473 4846 lta
1495 4793 1596 4846 auctor
