3525 5417
726 312 765 381 n,
786 313 890 369 15—18
1438 320 1478 382 41

193 513 237 553 on.
254 494 282 567 5,
299 509 340 554 so
368 488 477 570 Εδχοὶς
497 487 583 574 ὑπὲρ
604 493 660 574 τῆς
680 489 759 575 ἐμῆς
774 495 938 576 σωτηρίας
953 488 1199 574 ἀναλαμβάνειν
1218 490 1222 575 l
1242 491 1301 556 διά
1314 492 1379 558 τῶν
1393 489 1480 558 δπά-

315 615 342 656 ιο
368 617 434 659 των
470 595 525 658 καὶ
561 590 673 678 ἱερέων
702 595 786 658 καθ’
814 590 956 678 ἑκάστην
983 595 1208 678 πενίτετηρίδα
1241 595 1433 682 ἐψηφίσατο
1462 595 1481 682 ἦ

316 720 340 762 ιι
371 697 556 782 σάνιιλητος.
594 697 630 761 ἐκ
646 696 780 783 τούΙτων
794 700 859 762 τῶν
874 695 977 778 εὐχῶν
992 696 1183 773 πλειστάκις
1198 698 1347 779 ἐγένοντο
1362 704 1456 776 θέαι,
1476 705 1479 784 l

273 822 300 865 ιτ
318 823 341 866 is
368 801 442 866 τοτὲ
467 803 529 885 μὲν
555 801 591 865 ἐκ
618 805 675 885 τῆς
701 805 879 886 σοναρχίας
907 805 972 866 τῶν
993 800 1161 888 τεσσάρων
1185 801 1321 889 ἱερέΙων,
1348 803 1422 868 τοτὲ
1444 804 1481 870 dd

367 901 442 970 dard·
457 908 521 970 τῶν
542 901 689 970 ὑπάτων.

129 1014 236 1074 Gnaeos
262 1031 331 1074 oum
358 1011 470 1091 integra
498 1012 574 1086 sint,
602 1011 774 1074 latinorum
803 1029 921 1091 quoque
942 1011 1072 1093 primum
1095 1013 1280 1075 enuntiatum
1303 1014 1387 1094 plene
1410 1034 1482 1097 sup·
1521 1073 1530 1090 ,

128 1117 198 1196 pleri
223 1116 327 1196 potuit,
350 1126 507 1197 postquam
531 1117 689 1178 verborum
711 1121 808 1197 quinto
830 1134 938 1196 potoque
952 1135 1029 1180 enno
1045 1125 1123 1178 oertu
1140 1116 1257 1196 vestigia
1273 1129 1481 1199 apparuerunt.

130 1221 186 1282 Pro
208 1220 325 1282 Graecis
347 1215 432 1301 ὑπὲρ
455 1221 511 1302 τῆς
533 1218 612 1304 ἐμῆς
634 1222 797 1302 σωτηρίας
819 1220 928 1281 retinui
951 1221 1030 1300 quod
1052 1221 1082 1280 in
1105 1223 1203 1301 priore
1224 1221 1349 1283 editione
1362 1223 1480 1312 ¹scripsi

124 1344 178 1404 pro
199 1325 362 1386 valetudine
383 1343 448 1387 meo
470 1343 524 1385 nee
547 1343 602 1404 pro
632 1325 724 1387 solute
749 1343 813 1385 tneo
841 1323 906 1385 dedi
936 1343 1004 1384 oum
1028 1324 1166 1404 Bergium,
1195 1342 1262 1386 eum
1297 1335 1415 1407 propter
1448 1347 1481 1389 ea

127 1447 199 1505 quse
222 1428 252 1489 in
275 1428 369 1490 indice
392 1437 558 1508 sequuntur
579 1427 667 1502 219
690 1437 754 1490 tum
777 1436 898 1509 propter
920 1447 1077 1489 nummum
1093 1430 1168 1490 inira
1182 1428 1332 1491 laudatum
1349 1428 1380 1490 G.
1396 1429 1480 1492 dnti-

126 1532 173 1593 stii
199 1531 326 1603 Veteris;
358 1541 508 1612 praeterea
535 1550 589 1611 pro
618 1541 650 1592 ut
677 1536 887 1612 essuperentnr
912 1531 1090 1593 infinitivum
1120 1532 1217 1613 posui,
1250 1553 1318 1594 eum
1352 1535 1480 1613 spatium

126 1655 184 1696 non
207 1636 342 1696 admittat
363 1637 429 1715 plus
452 1635 563 1696 litteras
585 1655 610 1696 ο.
627 1655 721 1695 mxlv.
758 1636 791 1696 ln
814 1636 1005 1716 sequentibus
1029 1635 1114 1697 verba
1130 1640 1193 1700 otoo
1208 1657 1260 1708 me,
1283 1657 1356 1717 quae
1372 1638 1402 1698 in
1418 1639 1480 1700 edi-

127 1740 204 1801 tione
233 1739 330 1820 priore
358 1738 535 1800 retinueram
563 1759 742 1818 quamquam
770 1739 908 1801 dubitans
931 1741 1011 1820 (narn
1036 1740 1109 1802 mire
1132 1741 1252 1802 omnino
1274 1741 1305 1802 in
1328 1741 1404 1802 ludis
1426 1762 1480 1822 pro

124 1843 217 1904 salute
249 1862 302 1904 sua
331 1843 417 1905 editis
446 1844 502 1904 hoo
530 1843 611 1903 addit
637 1840 787 1922 Augustus
815 1864 865 1905 eos
894 1843 957 1905 vivo
986 1863 1018 1905 se
1046 1845 1206 1906 celebratos
1234 1846 1325 1925 esse),
1354 1865 1421 1906 vere
1450 1847 1480 1908 iu

123 1947 217 2026 lapide
239 1955 340 2008 extant
362 1947 486 2026 (scilieet
507 1965 551 2008 me
573 1947 628 2007 etsi
650 1947 680 2007 in
704 1967 794 2028 gypso
809 1967 869 2008 non
892 1957 1050 2028 comparet,
1073 1948 1104 2008 in
1121 1948 1214 2028 lapide
1230 1949 1480 2012 Bomaszewskius

124 2050 339 2129 deprehendit),
361 2050 577 2128 conciduntque
592 2051 776 2112 coniecturae
791 2071 859 2113 oum
877 2051 991 2130 Berglii
1009 2049 1273 2133 [plualaqatlennolis]
1291 2053 1333 2113 vel
1348 2053 1373 2114 si
1389 2054 1481 2114 mavis

129 2155 232 2231 ίΊαοοι·
252 2165 279 2215 et
299 2154 430 2233 Apolline]
458 2163 521 2217 tum
545 2173 609 2215 mea
631 2166 663 2217 ut
684 2156 858 2233 oojloeroml.
881 2191 922 2199 -
945 2156 977 2216 V.
997 2157 1035 2216 to
1057 2163 1125 2234 post
1146 2175 1191 2225 Qv
1213 2155 1392 2236 interceptae
1414 2177 1480 2218 esse

126 2257 262 2318 videntur
283 2258 397 2320 litterae
420 2260 486 2338 plus
509 2257 607 2319 minus
629 2278 695 2332 xxx,
718 2279 771 2340 pro
794 2260 901 2339 quibus
924 2259 991 2320 dedi
1012 2277 1110 2319 xnvur.
1135 2293 1171 2302 -
1188 2259 1219 2319 V.
1238 2260 1276 2319 17
1300 2260 1378 2338 quod
1398 2280 1480 2322 eom-

124 2360 275 2421 mendarit
289 2361 432 2439 Bergkius
455 2362 547 2440 [ludos
568 2367 599 2424 ιἰι
621 2367 708 2423 uicem
729 2365 915 2439 meerdotulm
937 2373 1071 2444 quattuor
1093 2363 1268 2442 amplissimo
1290 2364 1416 2444 oollelqiu
1437 2367 1482 2426 vel

125 2463 252 2525 cursales
274 2468 333 2525 αἰιτ
355 2466 444 2540 arrad,
467 2474 545 2526 reete
568 2465 779 2527 llirsohleldius
802 2488 836 2528 eo
859 2467 979 2528 nomine
1006 2466 1201 2547 reprehendit,
1229 2467 1307 2545 quod
1330 2472 1390 2528 eius
1412 2473 1484 2530 ιιιιιιιΙ

125 2587 182 2647 quo
220 2570 364 2628 referatur
394 2587 454 2629 non
487 2568 590 2643 habet,
624 2571 686 2649 ipse
718 2570 901 2631 substituens
927 2571 1047 2649 publice.
1099 2572 1173 2631 Cum
1204 2570 1339 2632 deliciunt
1368 2571 1480 2632 litterae

125 2691 149 2732 o.
169 2690 237 2732 surr
260 2681 329 2752 post
350 2692 410 2745 ns,
434 2672 518 2732 v.18
540 2672 581 2732 in.
596 2693 622 2734 e.
638 2692 725 2745 rxvu,
748 2693 802 2753 pro
823 2675 907 2736 modo
928 2721 935 2734 .
956 2719 986 2734 ..
1009 2673 1093 2734 modo
1119 2673 1176 2733 iam
1206 2673 1291 2754 posui
1312 2677 1481 2756 ola'puotiens

125 2775 178 2848 bis,
206 2784 241 2836 ut
269 2776 396 2857 spatium
426 2785 503 2837 reete
533 2775 707 2856 expleretur.
731 2811 773 2819 —-
799 2777 926 2838 Graecus
959 2777 1103 2856 interpres
1137 2777 1313 2839 τοιαδοίιινι
1347 2789 1481 2857 qrtottuor

125 2881 242 2960 collept‘o
264 2881 338 2941 male
361 2879 448 2941 vertit
470 2877 583 2961 ἕκτης
605 2882 783 2963 σοναρχίας
804 2879 870 2941 τῶν
891 2876 1059 2962 τεσσάρων
1082 2875 1208 2959 ἱερέων,
1237 2891 1373 2960 quattuor
1394 2901 1480 2942 roca-

126 2981 227 3043 bulum
250 2982 374 3062 iungens
396 3003 457 3044 non
478 3003 546 3045 ourn
569 2983 706 3063 collegiis,
730 2984 780 3044 sed
803 3003 870 3044 eum
895 2983 1104 3045 sacerdotibus

226 3084 267 3146 lle
289 3085 365 3147 ludis
388 3086 533 3149 institutis
555 3106 580 3147 a.
597 3106 624 3148 u.
640 3107 665 3148 e.
683 3086 744 3147 726
767 3087 810 3148 sio
832 3086 885 3148 llio
907 3087 958 3160 53,
984 3089 1016 3146 l:
1045 3085 1104 3168 την
1135 3083 1320 3170 πανήγυριν
1341 3085 1399 3168 τὴν
1422 3081 1481 3148 ἐπὶ

124 3188 161 3276 τῇ
188 3191 262 3271 νίκη
289 3190 329 3276 τῇ
358 3187 443 3270 πρὸς
468 3190 515 3273 τῷ
537 3185 653 3272 ’Λκτίῳ
683 3192 836 3272 γενομένη
865 3192 1105 3272 ψηφισθεῖσαν
1127 3189 1250 3269 (scilieet
1272 3209 1297 3250 a.
1322 3189 1384 3251 724
1407 3199 1481 3252 teste

124 3291 215 3352 Dione
233 3293 282 3364 51,
308 3294 361 3372 19)
388 3289 488 3374 ἤγαγε
515 3293 633 3374 (Caesar
660 3313 695 3354 eo
722 3313 798 3355 anno
825 3314 884 3355 eos.
907 3293 949 3374 vr)
979 3291 1061 3375 μετὰ
1082 3293 1141 3354 τοῦ
1160 3289 1344 3376 Ἀγρίππου
1367 3293 1422 3354 καὶ
1446 3292 1481 3355 ἐν

126 3390 205 3483 αὐτῇ
229 3394 287 3477 τήν
311 3392 543 3480 ἱπποδρομίαν
564 3393 623 3458 διά
642 3421 678 3458 τε
700 3397 764 3460 τῶν
786 3395 919 3460 παίδων
942 3395 995 3458 καί
1013 3392 1073 3458 διά
1086 3394 1151 3457 τῶν
1168 3391 1295 3476 ἀνδρῶν
1309 3397 1374 3458 τῶν
1390 3391 1480 3472 εὐγε-

126 3499 188 3560 νῶν
215 3495 363 3580 ἐποίησε.
409 3499 464 3560 καὶ
493 3494 572 3582 αὕτη
596 3498 656 3581 μὲν
682 3499 740 3562 διά
768 3503 865 3562 πέντε
893 3497 946 3561 ἀεὶ
976 3497 1056 3561 ἐτῶν
1082 3499 1195 3580 μέχρις
1222 3491 1261 3561 οὗ
1283 3501 1391 3582 (μέχρι
1414 3521 1480 3563 που

126 3603 262 3664 emendat
284 3602 420 3683 Diodori)
442 3600 605 3681 ἐγίγνετο,
629 3613 702 3676 ταῖς
723 3607 902 3685 τέσσαρσιν
925 3599 1119 3685 ἱερωσύναις
1142 3600 1177 3662 ἐκ
1199 3593 1401 3685 περιτροπῆς
1423 3605 1481 3684 μέ-

126 3702 243 3766 tonna·
267 3703 350 3783 λέγω
374 3704 412 3767 δὲ
432 3702 508 3779 τοάς
530 3729 565 3768 τε
588 3709 788 3788 ποντίφικας
811 3706 866 3768 καὶ
882 3705 958 3780 τούς
975 3706 1150 3779 οίωνιστάς
1171 3702 1247 3778 τοάς
1267 3727 1302 3767 τε
1325 3702 1411 3768 ἑπτὰ
1424 3706 1479 3768 καὶ

126 3808 198 3881 τοιίς
226 3808 463 3872 πεντεκαίδεκα
493 3807 614 3892 ἄνδρας
637 3808 866 3890 καλουμένοις.
912 3810 1036 3872 Eosdem
1060 3810 1145 3872 ludos
1168 3819 1380 3871 commemorat
1402 3809 1479 3871 idem

126 3913 159 3972 ad
181 3933 207 3974 a.
226 3912 287 3973 738
311 3914 374 3988 (54,
399 3914 466 3992 19):
493 3912 553 3995 την
581 3911 820 3997 πενταετηρίδα
845 3914 902 3996 τῆς
930 3911 1029 3996 ἀρχῆς
1051 3909 1152 3977 αὐτοῦ
1175 3910 1398 3995 διεάρτασαν,
1422 3914 1479 3976 τοῦ

125 4008 308 4097 Ἀγρίππου
335 4011 384 4095 (ἓν
411 4016 474 4099 γὰρ
503 4027 574 4091 τοῖς
601 4016 836 4080 πεντεκαίδεκα
858 4014 1041 4102 ἀνδράσιν,
1070 4013 1119 4089 οἷς
1142 4015 1177 4078 ἐκ
1199 4018 1257 4100 τῆς
1277 4019 1480 4103 περιτροπῆς

129 4117 145 4202 ἡ
171 4117 336 4202 διοίκησις
361 4115 460 4201 αὐτῆς
487 4119 687 4202 ἐπέβαλλον,
718 4117 846 4203 ἱέρωτο)
876 4120 935 4184 διά
956 4122 1020 4184 τῶν
1043 4122 1218 4204 σονιερέων
1240 4117 1478 4197 ἀναλώσαντος.

128 4224 169 4286 to
191 4224 310 4285 eosdem
332 4225 460 4305 pertinet
481 4226 559 4304 quod
583 4225 614 4287 in
636 4235 756 4288 senatus
778 4228 913 4289 consulto
931 4227 966 4288 de
981 4225 1058 4287 ludis
1073 4225 1269 4288 saecularibus
1285 4226 1330 4307 (C.
1347 4229 1367 4288 l.
1384 4227 1416 4289 L.
1434 4229 1478 4304 Vl,

129 4328 199 4405 877)
228 4331 303 4390 laeto
329 4347 355 4389 a.
379 4349 407 4389 u.
429 4348 454 4390 e.
476 4329 537 4390 737
566 4331 677 4392 mentio
705 4333 739 4392 fit
764 4349 892 4393 summe
921 4331 1120 4408 [aoemdotilus
1144 4349 1199 4410 pro
1222 4331 1315 4407 ludaei,
1338 4351 1407 4412 patos
1426 4351 1480 4413 pro

129 4432 216 4493 solute
240 4431 369 4495 Caesonis
389 4436 528 4515 serment,
553 4436 660 4496 lunaris
681 4439 796 4496 nomine
817 4437 1010 4514 ooosltitntael.
1048 4433 1116 4496 Neo·
1129 4433 1237 4495 diversi
1259 4443 1329 4496 sunt
1351 4437 1414 4498 lardi
1424 4454 1478 4517 pro

128 4537 216 4598 solute
243 4539 304 4598 divi
325 4537 449 4617 Ἀιιηιωα·
474 4543 562 4599 votivi
588 4539 725 4601 celebrati
752 4539 782 4600 C.
804 4539 939 4621 Poppaeo
968 4539 1002 4612 Q.
1026 4537 1153 4619 Sulpicio
1176 4558 1235 4599 eos.
1259 4557 1285 4599 a.
1307 4538 1368 4600 762
1391 4539 1478 4620 (Plin.

21 4714 22 4721 η
130 4639 155 4698 h.
171 4659 201 4700 n.
214 4642 242 4715 7,
259 4641 308 4714 48,
327 4640 413 4717 158);
429 4641 555 4722 denique
570 4643 634 4705 ludi
642 4645 828 4725 pontificales,
841 4663 969 4724 quorum
986 4642 1121 4705 meminit
1137 4643 1296 4705 Suetonius
1312 4643 1397 4724 (Aug.
1415 4643 1479 4722 44),

130 4742 263 4806 ridentur
284 4743 375 4807 luisse
397 4745 460 4808 ludi
480 4744 569 4808 iidem
592 4746 703 4810 soilioet
723 4739 848 4810 alieuius
862 4747 942 4823 anni,
964 4768 1023 4827 quo
1038 4747 1194 4812 celebratio
1210 4766 1312 4812 eorum
1328 4748 1363 4809 ad
1379 4747 1478 4828 ponti-
