3525 5417
723 345 773 414 1v,
795 347 900 402 0-10
1444 350 1485 416 85

132 529 257 591 Veneris
279 527 439 591 Genetricis
467 527 527 588 sire
554 525 683 588 victricis
711 525 772 588 sire
793 523 938 586 Victoriae
960 523 1090 588 Caesaris
1117 525 1259 588 dedicavit
1281 525 1384 588 Caesar
1406 536 1489 608 pater

132 654 160 695 a.
177 633 239 695 708
260 633 340 714 Sept
356 631 397 692 24
416 638 468 692 aut
487 630 527 691 25
547 629 614 710 (010
629 629 680 708 43,
697 629 756 704 22;
777 628 900 710 Appiam.
916 627 945 689 b.
961 648 986 690 c.
1003 628 1032 703 3,
1048 629 1105 704 28;
1128 629 1158 692 C.
1173 630 1195 690 l.
1212 629 1272 691 L.1
1294 650 1323 710 0.
1339 630 1401 693 402
1423 631 1487 693 coll.

132 757 163 819 p.
180 736 265 817 397).
307 735 368 798 Nec
396 742 495 796 100100
523 742 619 796 totum
646 736 808 815 perfectum
830 731 922 794 fuisse
945 751 1012 795 oum
1041 733 1224 796 dedicaretur
1249 743 1364 814 praeter
1389 735 1487 816 ipsum

132 841 299 921 Augustum
322 838 379 900 boe
399 838 464 899 loco
486 846 576 899 testes
598 845 669 900 sunt
681 835 818 898 Nicolaus
833 835 1032 898 Damascenus
1056 841 1092 912 (o.
1109 836 1172 915 22),
1195 837 1246 917 qui
1268 837 1369 918 paucis
1384 838 1488 901 diebus

132 953 202 1006 ante
225 950 350 1005 mortem
373 940 512 1003 describit
526 940 679 1003 Gaesarem
703 941 854 1003 sedentem
876 939 908 1001 in
930 942 993 1000 loro
1015 959 1069 1002 suo
1091 948 1122 1002 et
1143 940 1378 1021 redemptoribus
1401 961 1489 1023 opera

132 1048 175 1109 ibi
201 1045 332 1108 iacienda
358 1045 533 1118 edocentem,
562 1054 591 1107 et
616 1043 730 1105 Plinius
752 1042 802 1116 35,
828 1041 876 1116 12,
902 1043 977 1105 156ε
1006 1043 1044 1105 M.
1065 1045 1156 1107 Varro
1179 1047 1268 1108 tradit
1290 1046 1324 1107 ab
1346 1046 1397 1107 boc
1419 1044 1489 1125 (dr-

133 1150 250 1231 cesr'lao)
271 1152 381 1231 factam
406 1148 540 1210 Venerem
563 1151 732 1228 qeuetta'eem
757 1150 788 1209 iu
814 1148 881 1227 soro
904 1145 1037 1210 Caesaris
1058 1158 1085 1210 et
1101 1153 1272 1230 priusquam
1293 1148 1488 1210 absolveretur

132 1256 314 1336 [estiteatioue
335 1253 485 1315 0001001001
500 1257 631 1333 pontem.
654 1287 696 1298 -
718 1251 853 1314 Ceterum
875 1251 1047 1332 profligandi
1071 1254 1243 1316 vocabulum
1266 1254 1321 1315 bac
1342 1253 1489 1333 signitica-

134 1357 215 1436 tione
241 1355 430 1438 reprehendit
453 1355 562 1418 Gellius
586 1357 634 1430 15,
651 1358 684 1417 5:
713 1374 777 1418 cam
804 1355 840 1417 ab
862 1353 1025 1436 adtltqeudo
1047 1366 1074 1417 et
1095 1355 1134 1417 od
1153 1360 1304 1436 pecoralem
1325 1359 1489 1419 interitum-

134 1482 187 1543 que
214 1459 378 1524 000000000
405 1459 575 1522 inclinatum
598 1461 630 1522 id
655 1470 832 1540 tractumque
857 1462 894 1520 sit
916 1475 1079 1539 semperque
1101 1477 1134 1521 eo
1154 1460 1249 1530 verbo,
1272 1463 1322 1540 qui
1342 1459 1490 1539 diltqeuter

134 1565 224 1628 locuti
249 1574 328 1635 sura,
355 1566 396 1624 ita
422 1567 469 1624 usi
494 1567 560 1636 0101,
588 1574 621 1625 01
643 1561 802 1644 prositqare
829 1562 954 1624 dicerent
978 1562 1128 1642 prodigere
1157 1571 1184 1622 et
1205 1562 1364 1642 deperdm,
1383 1563 1490 1644 prosit·

131 1679 268 1749 qetasque
293 1685 340 1729 res
367 1669 450 1747 quasi
466 1667 614 1747 profitetur
635 1676 662 1728 et
679 1667 819 1746 perditas,
845 1685 923 1728 uuue
945 1666 1032 1728 audio
1059 1665 1188 1745 aedificia
1210 1675 1236 1727 et
1257 1667 1361 1747 templo
1382 1678 1409 1728 et
1430 1668 1491 1729 alia

133 1773 197 1851 sere
224 1769 317 1856 multo
342 1788 414 1851 quae
432 1786 522 1850 prope
544 1769 674 1832 absoluto
695 1769 862 1850 adfectaque
884 1779 965 1838 suut,
996 1773 1028 1830 iu
1046 1767 1199 1848 protlaquto
1221 1787 1279 1830 esse
1302 1769 1491 1851 delapsaque

134 1893 194 1936 esse
214 1877 274 1936 100
291 1874 448 1954 prolliqata
468 1917 476 1933 .
495 1918 501 1933 .
518 1917 550 1934 ..
596 1871 681 1944 Quod
700 1873 861 1954 uqru‘ficare
875 1873 977 1936 ooluut
992 1877 1043 1953 qui
1056 1871 1243 1952 profligatum
1265 1874 1371 1944 dictent,
1392 1872 1425 1934 tu·
1443 1878 1494 1955 qui

134 1977 235 2041 latiae
260 1979 348 2039 toeute'
370 1986 445 2047 suut,
472 1993 532 2040 000
558 1975 759 2056 profligatum,
789 1976 837 2038 sed
865 1977 1011 2057 adfectum
1040 1976 1185 2038 01000001.
1229 1977 1329 2056 ltaque
1357 1976 1490 2041 videmus

134 2080 300 2160 Augustum
334 2080 392 2141 hoe
426 2079 491 2141 loco
522 2078 664 2142 vocabulo
694 2098 783 2142 usum
810 2099 875 2142 esse
902 2079 1113 2161 significatione
1144 2079 1255 2159 vulgari
1282 2081 1374 2162 magis
1401 2101 1490 2163 quam

134 2183 272 2265 probata,
299 2203 478 2265 quamquam
505 2184 561 2246 viri
587 2183 666 2247 docti
691 2183 762 2245 olim
790 2193 994 2246 monstrarunt
1024 2184 1125 2246 eadem
1153 2183 1363 2263 significatione
1389 2186 1491 2267 proili-

136 2288 224 2369 gandi
252 2287 425 2350 vocabulum
462 2288 599 2368 usurpari
624 2287 759 2368 quamvis
784 2307 851 2350 raro
878 2288 966 2351 etiam
993 2288 1070 2370 apud
1097 2285 1267 2350 Ciceronem
1295 2287 1396 2369 (Tuae.
1412 2290 1441 2364 5,
1462 2290 1491 2366 6,

137 2394 192 2469 15)
214 2399 245 2454 01
265 2391 381 2453 Livium
404 2391 513 2466 (3,50,
531 2393 593 2467 10).

235 2494 389 2557 Basilicam
422 2493 525 2556 Iuliam
559 2494 691 2557 Caesaris
724 2494 876 2557 dictatoris
909 2501 1057 2576 praeterea
1095 2502 1330 2556 commemorant
1368 2497 1491 2557 sortasse

135 2596 236 2660 Cicero
258 2597 289 2658 in
311 2596 435 2678 epistula
456 2617 482 2660 a.
498 2599 560 2660 700
583 2598 619 2660 00
641 2598 772 2660 Atticum
805 2598 914 2680 scripta
937 2599 1044 2675 (4,16,
1063 2598 1124 2678 14),
1155 2597 1206 2659 000
1240 2597 1490 2678 interpretationis

133 2701 294 2763 admodum
317 2700 479 2780 ambiguae,
502 2710 579 2763 certe
595 2701 792 2783 Hieronymus
813 2701 846 2763 iu
868 2701 1055 2764 adnotatione
1077 2720 1113 2762 ex
1134 2699 1246 2781 optimo
1267 2712 1387 2764 auctore
1400 2702 1492 2784 petita

134 2805 174 2882 (e.
197 2823 306 2866 comm.
329 2822 430 2866 meum
458 2805 494 2867 de
521 2805 653 2868 lontibus
681 2805 852 2886 Hieronymi
874 2825 904 2886 0.
921 2805 995 2880 601)
1026 2804 1062 2866 00
1089 2823 1114 2865 0.
1132 2802 1208 2866 708;
1239 2801 1346 2868 1100000
1376 2806 1491 2868 0000100

136 2908 214 2970 lulio
236 2909 375 2970 dedteata.
419 2907 554 2971 00010010
576 2917 622 2971 001
648 2909 768 2970 omnino
796 2928 854 2971 una
885 2928 952 2972 eum
980 2911 1044 2970 loro
1070 2907 1152 2982 lulio,
1187 2908 1223 2970 dc
1256 2928 1314 2989 quo
1348 2908 1490 2984 vidimus3

137 3031 206 3073 mor
229 3021 328 3074 autem
350 3011 484 3075 incendio
506 3012 620 3074 interiit
641 3012 864 3095 obscuraritque
886 3013 1058 3077 memoriam
1081 3011 1146 3074 eius
1167 3011 1257 3074 altera
1279 3011 1396 3074 basilica
1418 3011 1491 3074 lulia

137 3115 273 3194 Augusti,
304 3114 389 3177 cuius
411 3115 509 3196 operis
536 3114 736 3178 meminerunt
762 3117 852 3181 etiam
882 3118 1041 3180 Suetonius
1063 3115 1136 3196 Aug.
1153 3114 1209 3177 29:
1239 3115 1378 3196 quaedam
1406 3119 1492 3178 etiam

137 3219 295 3299 00010000
318 3223 434 3282 mariue
456 3219 557 3291 alieno,
579 3229 714 3300 nepotum
733 3221 837 3283 sultam
858 3267 866 3282 .
884 3266 890 3281 .
906 3266 938 3282 ..
962 3222 1038 3300 fecit,
1068 3230 1101 3281 ut
1126 3219 1272 3300 porticum
1294 3217 1492 3300 basilicamque

140 3321 196 3383 Get
214 3332 242 3384 et
263 3320 341 3393 buci,
365 3330 396 3384 et
416 3321 470 3386 010
492 3323 542 3398 56,
557 3322 599 3384 27
622 3324 658 3386 00
681 3343 706 3386 0.
723 3325 800 3387 765:
832 3321 851 3409 ἦ
878 3323 962 3389 orode
988 3319 1149 3408 ἡἸουλία
1176 3323 1272 3406 (codd.
1297 3324 1439 3399 Accola,
1461 3331 1492 3386 at

137 3425 201 3487 ride
222 3424 385 3487 Beckerum
407 3446 436 3508 p.
452 3426 528 3507 543)
555 3425 738 3510 καλουμένη
768 3421 971 3512 0100000000
998 3450 1034 3490 τε
1061 3425 1095 3502 ἐς
1121 3426 1219 3512 τιμήν
1245 3427 1304 3490 000
1330 3449 1366 3489 τε
1389 3429 1492 3490 Γαίου

138 3527 194 3590 καὶ
221 3528 281 3592 τοῦ
310 3530 461 3592 Λουκίου
487 3530 553 3594 coir
582 3526 762 3613 Καισάρων
795 3529 851 3592 καὶ
881 3527 958 3594 τότε
991 3530 1198 3616 καθιερώθη.
1252 3531 1387 3594 Porticus
1419 3530 1491 3593 Iulia

136 3631 315 3713 praeteritur
335 3631 368 3694 in
389 3633 601 3696 commentario
623 3652 683 3697 non
705 3642 859 3716 propterea
882 3637 962 3716 quod
984 3655 1058 3716 0000
1086 3637 1213 3700 alienum
1242 3636 1307 3711 luit,
1334 3644 1368 3696 ut
1393 3635 1490 3698 risum

135 3745 182 3798 est
203 3735 333 3797 beckero
355 3756 383 3817 p.
400 3737 462 3800 340
476 3757 506 3799 0.
523 3738 595 3814 627,
627 3757 696 3800 nam
730 3757 797 3800 vere
823 3738 949 3819 Augusti
981 3759 1054 3820 opus
1087 3759 1147 3803 000
1180 3740 1279 3802 minus
1312 3737 1369 3800 luit
1401 3756 1491 3818 quam

136 3838 254 3901 basilica
277 3839 357 3914 lulia,
384 3839 462 3902 sicut
491 3859 579 3920 supra
606 3841 665 3903 iam
689 3842 730 3923 (p.
747 3842 800 3918 70)
823 3841 1051 3916 observavimus,
1086 3843 1136 3904 sed
1168 3843 1265 3923 potius
1297 3841 1376 3922 quod
1408 3860 1492 3903 com-

136 3942 331 4024 prehenditur
352 3943 469 4006 basilica
490 3943 572 4006 lulia.
616 3944 752 4007 Porticus
775 3945 905 4008 dedicata
926 3956 971 4009 est
992 3945 1114 4021 0.765·,
1134 3944 1196 4026 1000
1217 3945 1335 4007 basilica
1357 3945 1489 4007 nondum

136 4046 270 4108 absoluta
292 4054 363 4120 erat,
387 4066 455 4109 cum
474 4047 626 4127 Augustus
647 4049 719 4111 haee
740 4047 858 4129 scripsit
879 4048 980 4128 paucis
1003 4057 1069 4111 ante
1092 4048 1205 4110 obitum
1228 4047 1389 4122 mensibus,
1413 4047 1491 4110 unde

136 4150 226 4213 etiam
248 4168 358 4211 nomen
381 4151 477 4232 operis
500 4169 560 4212 non
583 4151 707 4214 dedicati
728 4170 839 4235 ponere
861 4150 957 4214 noluit
973 4151 1095 4226 (Becker
1109 4171 1137 4232 0.
1154 4150 1215 4213 305
1230 4169 1259 4212 0.
1275 4149 1359 4226 530).
1403 4149 1491 4212 Vide-

137 4264 186 4317 tur
207 4263 306 4316 autem
329 4261 390 4316 tam
412 4253 539 4336 porticui
560 4273 649 4335 quam
672 4255 807 4318 basilicae
828 4273 938 4317 nomen
966 4253 1081 4318 dedisse
1103 4255 1148 4316 vel
1175 4252 1366 4316 destinavisse
1388 4253 1440 4316 Gai
1463 4263 1493 4317 et

138 4358 225 4432 Luci;
252 4358 303 4420 sed
332 4377 388 4419 usu
418 4357 546 4420 obtinuit
572 4358 723 4439 antiquius
756 4370 786 4421 et
818 4359 981 4441 simplicius
1015 4359 1145 4440 porticus
1178 4356 1266 4419 luliae
1300 4357 1492 4440 basilicaeque

137 4461 228 4524 Iuliae
242 4460 366 4542 (Preller
387 4480 446 4541 reg.
462 4481 491 4542 0.
508 4460 591 4541 148).
620 4462 663 4524 Εο
685 4461 750 4545 1000
764 4462 837 4539 loeo,
860 4483 948 4544 quem
964 4462 1193 4526 commentarius
1208 4461 1327 4539 indicat,
1343 4462 1378 4523 ad
1394 4465 1492 4524 lorum

136 4565 305 4628 Romanum
331 4567 409 4628 inter
435 4565 537 4627 aedem
561 4565 689 4628 Castoris
712 4576 743 4628 et
763 4568 864 4629 aedem
888 4567 1022 4641 Saturni,
1050 4577 1079 4629 et
1101 4566 1231 4647 pingitur
1254 4565 1382 4638 blasiliae
1403 4564 1493 4645 101110

137 4669 169 4730 10
189 4673 302 4732 lormae
323 4668 407 4732 urbis
427 4671 599 4752 fragmentis
622 4674 663 4750 (0.
680 4670 731 4733 20.
747 4670 786 4732 23
810 4671 867 4733 100.
882 4671 923 4732 lll
943 4672 987 4733 ed.
1003 4669 1129 4744 Iordani,
1151 4669 1202 4749 qui
1218 4670 1253 4731 de
1269 4668 1305 4731 iis
1320 4669 1379 4750 egit
1393 4689 1421 4749 p.
1438 4667 1493 4744 25)

139 4781 169 4834 01
188 4782 290 4835 extant
311 4772 456 4854 hodieque
477 4774 617 4855 reliquiae
639 4792 700 4836 non
723 4775 851 4854 exiguae,
873 4775 904 4836 in
926 4774 1034 4855 quibus
1056 4773 1142 4836 etiam
1167 4781 1283 4854 reperta
1305 4783 1492 4836 000100000-
