3525 5417
765 301 813 367 Vl,
835 301 938 356 13-23
1460 305 1521 366 149

172 484 268 564 gravis
296 493 326 546 et
350 484 480 565 prudens
506 483 582 545 cavit
608 482 663 542 sibi
694 489 753 543 tam
783 501 800 543 a
822 479 954 542 mendaci
982 479 1147 558 aequalium
1170 480 1325 560 obsequio,
1351 481 1523 561 quasivero

171 589 322 668 Augustus
352 607 377 649 a.
399 587 459 648 727
487 586 650 648 libertatem
678 585 778 666 populi
807 583 933 646 Romani
961 583 1140 656 restituerit,
1168 602 1256 662 quam
1284 603 1301 644 a
1326 583 1521 664 posteriorum

170 691 306 752 sollemni
327 710 434 766 errore,
456 690 539 770 quasi
562 709 597 751 eo
620 697 751 770 tempore
773 686 1003 750 dominationem
1026 686 1121 767 palam
1144 686 1339 766 proclamarit.

271 793 415 875 Principis
445 793 586 855 vocabulo
613 792 763 870 Augustus
792 792 822 852 in
848 791 961 870 legibus
988 789 1138 869 titulisque
1169 789 1323 864 abstinuit,
1356 800 1387 853 ut
1413 791 1523 865 debuit,

169 917 238 959 curn
266 897 449 976 magistratui
476 897 551 958 nulli
576 897 782 975 responderet,
815 894 866 955 sed
894 894 929 954 ad
956 912 1043 955 suum
1074 894 1171 954 locum
1202 893 1389 957 indicandum
1420 906 1450 957 et
1476 897 1523 956 bic

169 1001 199 1063 id
225 1001 359 1063 adhibuit
384 1010 414 1063 et
439 1001 507 1062 alibi
535 1000 566 1074 2,
589 1001 639 1061 45.
662 1000 691 1072 5,
716 1000 765 1059 44.
788 999 818 1071 6,
842 997 872 1058 6.
916 996 1076 1058 Confirmat
1103 996 1178 1059 idem
1205 1003 1344 1078 principis
1368 1003 1522 1060 iuventutis

168 1105 368 1167 denominatio
398 1123 456 1166 non
488 1103 552 1165 sine
580 1103 685 1165 idonea
717 1121 804 1163 causa
836 1100 951 1181 pueris,
985 1101 1091 1179 quibus
1122 1100 1278 1181 Imperium
1313 1102 1522 1175 destinabatur,

167 1219 199 1270 et
221 1208 360 1271 attributa
382 1217 412 1269 et
432 1218 591 1280 reservata,
622 1206 650 1267 id
680 1206 758 1286 quod
786 1224 874 1285 supra
902 1205 959 1266 iam
986 1223 1015 1284 p.
1032 1205 1071 1265 57
1099 1204 1315 1268 observavimus
1342 1205 1437 1267 adlato
1458 1206 1521 1266 loco

169 1311 353 1374 memorabili
375 1311 484 1373 decreti
498 1310 683 1382 pisanorum,
706 1309 757 1371 ubi
778 1317 944 1388 queruntur
965 1308 995 1370 C.
1013 1307 1164 1369 Caesarem
1180 1309 1302 1387 Augusti
1325 1309 1417 1370 silium
1440 1328 1521 1390 crep-

168 1427 231 1476 tum
255 1415 360 1496 populo
387 1415 516 1476 Romano
545 1419 605 1475 ione
632 1414 816 1494 desipootlum
844 1415 1046 1490 olustissumum
1069 1429 1101 1472 oc
1122 1411 1310 1474 simillumum
1327 1417 1456 1492 pareretis
1476 1415 1524 1474 sci

167 1520 323 1581 virtutibus
346 1523 513 1598 prirtcopcm.
552 1517 715 1598 Scriptores
737 1535 853 1597 quoquo
875 1513 977 1577 aetatis
999 1516 1146 1594 Augustae
1168 1524 1198 1576 et
1218 1515 1389 1577 Tiberianae
1411 1515 1521 1596 princi-

167 1621 215 1701 pis
237 1622 377 1683 vocabulo
407 1620 541 1682 similiter
568 1629 708 1692 utuntur,
736 1619 922 1698 imperatoris
944 1626 1043 1680 autem
1065 1617 1106 1679 ibi
1128 1619 1269 1693 maxime,
1297 1620 1347 1681 ubi
1369 1620 1464 1699 agitur
1485 1620 1521 1681 de

165 1743 201 1785 re
233 1725 361 1786 militari.
405 1724 539 1785 Tiberius
564 1724 637 1785 adeo
669 1723 700 1784 in
734 1723 804 1802 ipsis
834 1722 925 1783 titulis
953 1740 1013 1782 non
1038 1740 1105 1782 raro
1134 1723 1190 1783 hoc
1217 1722 1336 1784 nomine
1359 1723 1521 1803 appellatur

165 1827 309 1908 (prtitceps
335 1834 468 1908 optamus:
496 1828 527 1889 C.
549 1828 571 1887 1.
594 1827 626 1888 L.
647 1825 693 1900 vt,
717 1824 787 1888 002.
811 1826 873 1886 004
893 1851 938 1877 =
959 1824 1076 1885 Henzen
1099 1825 1197 1900 5393;
1224 1829 1344 1906 optimus
1370 1846 1403 1889 ac
1425 1831 1521 1890 iustis-

165 1935 256 1992 simus
268 1936 411 2010 princeps:
436 1932 467 1992 C.
482 1932 504 1992 l.
521 1930 615 2003 LVI,
639 1929 678 1990 03
693 1956 739 2010 ς
753 1929 840 1991 Orell.
857 1929 915 2003 25;
934 1933 1068 2008 princeps
1090 1941 1116 1990 ot
1137 1940 1330 1991 coronantur:
1354 1930 1441 1991 Orell.
1458 1931 1520 1991 617

165 2060 210 2086 --
222 2033 253 2094 C.
269 2035 290 2094 l.
307 2034 338 2095 L.
355 2035 380 2095 ll
395 2053 424 2095 n.
447 2034 554 2113 2038),
577 2052 631 2095 noc
647 2033 774 2094 multum
790 2032 826 2092 ab
841 2052 876 2093 eo
891 2033 999 2093 aluisse
1014 2031 1136 2105 videtur,
1160 2040 1194 2093 ut
1208 2033 1283 2092 bano
1298 2033 1518 2113 appellationem

164 2137 325 2216 legitimam
353 2141 461 2198 faceret
488 2147 517 2198 et
540 2137 725 2210 sollemnem,
753 2135 912 2197 identidem
939 2135 1075 2197 dictitans
1100 2134 1163 2208 toto
1186 2137 1236 2208 57,
1260 2136 1292 2215 8)
1314 2137 1465 2198 dominum
1490 2157 1521 2199 se

163 2259 233 2301 esse
248 2259 409 2311 serrorum,
425 2241 630 2320 imperatorem
647 2240 784 2309 militum,
800 2238 963 2320 principem
980 2237 1087 2298 civium
1104 2241 1152 2313 (cl.
1168 2237 1340 2302 Stootsreobt
1355 2240 1374 2300 2
1390 2260 1418 2320 p.
1435 2240 1520 2318 750).

268 2343 310 2404 οο
331 2343 454 2423 Augusti
481 2343 602 2404 nomine
624 2341 739 2404 Caesari
761 2342 899 2423 imposito
921 2361 947 2402 a.
964 2341 1025 2402 727
1048 2342 1165 2404 111116
1188 2342 1225 2422 (is
1247 2343 1325 2404 enim
1350 2359 1435 2404 verns
1458 2344 1520 2405 dies

167 2445 384 2527 videturesse)
413 2448 472 2509 dixi
500 2447 530 2508 in
553 2449 584 2508 C.
600 2447 622 2507 1.
639 2445 671 2506 L.
687 2446 771 2507 vol.l
794 2466 821 2525 p.
839 2445 910 2506 384.
960 2446 1058 2524 Agunt
1086 2447 1121 2506 de
1148 2466 1180 2507 ea
1207 2445 1335 2506 nominis
1359 2446 1520 2508 mutatione

167 2559 285 2628 practer
314 2553 457 2613 fastorum
480 2550 738 2612 Praenestinorum
765 2560 795 2610 et
819 2548 915 2610 Ovidii
937 2548 1016 2609 locos
1047 2551 1133 2611 modo
1160 2550 1267 2614 relatos
1291 2550 1389 2612 feriale
1412 2550 1519 2612 Cuma-

164 2671 240 2712 num
256 2654 300 2731 (C.
315 2655 337 2714 l.
354 2654 386 2715 L.
402 2655 438 2728 Χ,
462 2654 575 2733 8375),
597 2654 696 2715 Livius
718 2674 764 2733 ep.
782 2653 859 2726 134,
881 2652 1081 2714 Cassiodorius
1105 2654 1206 2714 chron.
1219 2652 1254 2714 ad
1276 2672 1301 2713 a.
1318 2653 1394 2726 727,
1416 2653 1519 2714 Florus

168 2765 261 2829 cxtr.;
288 2757 373 2818 Oros.
394 2758 422 2831 6,
446 2757 496 2831 20,
520 2758 557 2828 8,
589 2757 714 2818 Velleius
735 2757 769 2829 2,
792 2757 848 2831 91,
879 2755 1037 2817 Suetonius
1059 2756 1131 2835 Aug.
1149 2757 1183 2831 7,
1211 2754 1389 2817 Censorinus
1415 2754 1520 2818 dedic

161 2859 293 2931 111121,
317 2860 428 2934 8,1110
452 2862 502 2934 53,
528 2861 576 2923 16.

266 2962 376 3025 Triduo
405 2974 473 3025 ante
501 2983 589 3044 quam
617 2965 654 3025 de
675 2964 798 3042 Augusti
825 2963 945 3024 nornine
971 2962 1038 3024 lasti
1060 2961 1243 3024 Praenestini
1264 2963 1349 3025 aiunt
1369 2963 1517 3024 decretum

161 3068 275 3126 facturn
304 3085 367 3127 esse
395 3068 430 3128 de
453 3068 541 3128 domo
563 3067 627 3129 eius
648 3067 738 3128 lauris
760 3087 925 3146 coronaque
947 3066 978 3127 in
1001 3075 1175 3148 perpetuum
1199 3066 1379 3140 exornanda3
1407 3084 1517 3128 annum

161 3179 280 3246 praeter
294 3169 540 3231 commentarium
556 3178 702 3232 testantur
716 3189 858 3231 nummus
873 3188 981 3232 aureus
997 3169 1117 3248 (Eolsbel
1133 3168 1162 3241 0,
1179 3167 1234 3243 88,
1250 3167 1348 3230 Coben
1365 3169 1438 3248 Aug.
1455 3167 1518 3247 30),

161 3272 196 3331 in
224 3291 283 3350 quo
306 3272 342 3333 ab
364 3275 452 3335 altera
475 3282 556 3353 parte
580 3273 687 3352 legitur
710 3273 892 3335 Caesareos.
922 3290 962 3331 nn
982 3273 1087 3334 ovibus
1108 3276 1255 3346 suaeuis,
1286 3272 1322 3332 ab
1343 3272 1431 3334 altera
1454 3291 1518 3334 cer-

159 3375 246 3437 nitur
272 3376 368 3456 aquila
395 3377 449 3438 alis
476 3377 613 3457 expansis
639 3396 763 3438 coronae
785 3365 925 3438 insistens
946 3376 1023 3438 inter
1046 3375 1117 3436 duas
1140 3375 1240 3438 laurus
1262 3375 1407 3455 adscripto
1430 3395 1518 3456 supra

160 3479 320 3558 Arignotus,
349 3479 425 3540 inira
446 3500 469 3540 s.
493 3500 526 3551 o,
549 3488 580 3539 ct
600 3479 653 3541 uto
677 3480 726 3554 53,
746 3481 784 3542 16
806 3483 842 3542 ad
864 3501 890 3541 a.
915 3479 990 3540 727:
1020 3475 1057 3540 τό
1080 3501 1114 3539 τε
1136 3475 1194 3550 τὰς
1216 3473 1344 3561 δάφνας
1367 3479 1431 3561 πρὸ
1454 3481 1518 3543 ‘triv

161 3578 343 3662 βασιλείων
371 3577 472 3645 αὐτοῦ
504 3585 736 3664 προτίθεσθαι
764 3581 820 3645 καὶ
849 3581 886 3645 τὸ
913 3581 970 3644 τὸν
999 3584 1163 3664 στέφανον
1189 3579 1245 3644 τόν
1274 3579 1409 3665 δρύινον
1434 3580 1517 3665 ὑπὲρ

160 3680 270 3747 αὐτῶν
291 3678 462 3765 ἅρτᾶσθα(
484 3677 560 3749 τότε
583 3682 615 3749 οἱ
639 3678 682 3759 ὦς
705 3685 760 3748 καὶ
783 3683 835 3748 ἀεὶ
857 3682 932 3758 τούς
954 3708 989 3746 τε
1011 3683 1189 3766 πολεμίους
1211 3687 1343 3748 νικῶντι
1366 3681 1517 3760 καὶτοὺς

160 3783 302 3861 πολίτας
334 3785 472 3861 σώζοντι
501 3789 691 3873 ἐψηφίσθη.
739 3790 836 3870 lpsam
866 3790 983 3850 ianuam
1014 3790 1151 3870 proponit
1180 3809 1321 3851 nummus
1348 3789 1380 3850 L.
1404 3791 1517 3852 Caninii

160 3891 236 3952 Calli
259 3892 371 3973 (Cohen
393 3895 465 3972 Aug.
489 3893 564 3973 385)
591 3912 660 3954 cum
687 3912 794 3954 corona
822 3912 910 3973 super
937 3912 1000 3954 eam
1028 3912 1170 3973 suspensa
1191 3893 1335 3973 adscripto
1359 3892 1516 3956 hincinde

160 3994 195 4056 ob
229 3995 325 4074 clives)
354 3999 504 4070 stercutos)
532 3997 652 4077 adpictis
681 3996 772 4057 lauris
802 3996 926 4058 duabus.
975 3998 1119 4058 Coronam
1148 3997 1307 4076 laurusque
1334 3996 1516 4076 coniungunt

158 4098 279 4159 nummi
304 4099 366 4171 alii,
393 4099 480 4159 nrodo
502 4099 580 4161 inter
601 4101 702 4161 laurus
725 4101 797 4161 duas
819 4100 994 4161 collocantes
1018 4119 1156 4161 coronam
1179 4119 1246 4161 cum
1269 4100 1462 4180 adscriptione
1482 4098 1515 4159 ob

158 4205 229 4262 αὀοό
247 4213 381 4273 servatos,
406 4211 438 4263 ut
459 4203 566 4264 visitur
587 4203 617 4264 in
640 4223 728 4264 aureo
751 4202 782 4263 L.
800 4203 918 4284 Aquillii
941 4203 1017 4265 Flori
1041 4203 1152 4278 (Cohen
1168 4205 1241 4282 Aug.
1260 4203 1333 4276 356)
1356 4213 1386 4265 et
1406 4204 1515 4284 passim

159 4305 193 4364 in
226 4305 368 4366 sestertiis
402 4307 499 4372 aeneis
532 4307 645 4385 (Coben
667 4308 740 4386 Aug.
763 4308 821 4368 341
846 4309 929 4383 cet),
960 4308 1047 4369 modo
1073 4307 1109 4368 ab
1131 4307 1219 4368 altera
1241 4317 1322 4386 parte
1345 4307 1515 4368 exhibentes

158 4409 262 4469 laurus
290 4408 377 4482 duas,
405 4408 440 4470 ab
463 4410 553 4472 altera
574 4429 711 4472 coronam
734 4429 875 4491 quernam
900 4411 1177 4472 circumcludentem
1201 4409 1287 4471 verba
1311 4411 1343 4472 ob
1366 4415 1432 4472 civis
1453 4430 1515 4473 sor-

158 4522 241 4572 ootos
253 4510 366 4592 (Coben
377 4513 451 4592 Aug.
464 4513 549 4588 206).
582 4514 637 4575 4111
656 4533 760 4576 rursus
780 4515 880 4577 laurus
901 4517 976 4577 solas
993 4525 1163 4596 proponunt
1180 4513 1292 4594 (Coben
1305 4514 1376 4594 Aug.
1390 4514 1514 4577 43-48

159 4625 191 4677 et
219 4615 356 4677 adiuncto
385 4617 487 4696 clupeo
514 4637 543 4679 o.
567 4618 621 4698 50)
642 4619 687 4680 vel
709 4619 801 4681 solam
824 4637 964 4682 coronam
986 4639 1053 4682 cum
1076 4618 1271 4698 adscriptione
1294 4617 1379 4679 solita
1401 4617 1512 4699 (Ceben

159 4721 234 4798 Aug.
251 4719 429 4781 207-212.
453 4721 524 4782 301.
547 4722 619 4785 426.
643 4723 820 4786 476-478.
844 4724 928 4802 482).
959 4727 1100 4786 Auctores
1123 4733 1152 4784 et
1167 4722 1293 4784 maxime
1308 4731 1411 4803 poetae
1427 4741 1514 4784 orna-
