3525 5417
802 321 950 378 saluca
1491 331 1554 394 199

194 505 268 566 bum
294 503 389 577 vertit,
412 502 606 565 reformidans
630 501 741 564 scilicet
763 499 960 567 ἐπαινετικά
982 504 1197 586 ψηφίσματα,
1221 503 1333 566 sedita
1357 523 1388 566 se
1410 504 1556 585 expedivit

194 617 229 670 ut
252 626 307 669 nec
329 605 431 668 Latine
453 607 524 668 satis
553 625 607 668 nec
638 606 708 668 satis
731 606 839 670 Graece
868 605 1009 670 scriberet
1035 603 1055 690 ἦ
1082 600 1263 688 σύγκλητος
1284 601 1495 669 ἐπαινέσασά
1514 629 1557 690 με

193 703 394 792 ψηφίσμασι
425 706 677 790 προσκατέλεξε;
710 710 834 773 debebat
864 711 992 773 scribere
1022 703 1042 791 ἡ
1076 705 1253 792 σύγκλητος
1286 705 1494 773 ἐπαινέσαοά
1516 733 1557 792 με

193 809 463 896 προσκαταλέξαι
486 810 689 895 ἐψηφίσατο.

299 909 457 977 ‘Secuntur
478 933 511 976 ea
538 934 612 994 quae
636 915 743 978 Graece
770 915 890 997 quidem
924 916 976 977 sed
1009 933 1114 996 pamm
1143 923 1211 996 apte
1236 926 1267 977 et
1293 915 1411 998 proprie
1443 915 1557 978 reddita

194 1018 352 1080 videantur
381 1037 458 1093 esse,
488 1037 504 1080 e
537 1018 644 1098 quibus
672 1019 825 1100 potissima
854 1019 1022 1098 seligentur.
1071 1018 1202 1080 Possunt
1234 1019 1351 1099 quidem
1386 1017 1428 1080 τὰ
1459 1018 1556 1080 κοινὰ

195 1119 378 1203 πράγματα
412 1123 617 1201 rempublicam
650 1121 828 1201 significare,
863 1123 915 1184 sed
948 1121 996 1181 vix
1030 1104 1108 1182 recte
1139 1121 1286 1202 interpres
1319 1120 1380 1194 1‚3
1415 1121 1488 1183 dixit
1515 1119 1556 1183 τά

194 1222 293 1286 κοινοὶ
315 1220 494 1306 πράγματα
517 1217 588 1287 άπὸ
610 1225 666 1307 τῆς
688 1222 841 1298 δουλείας
864 1220 1080 1307 ἠλευθέρωσα
1108 1223 1325 1304 (rempublicam
1346 1230 1378 1286 irs
1399 1224 1557 1286 libertatem

194 1325 362 1406 vindicavi).
411 1327 513 1388 Potest
541 1327 660 1405 quidem
683 1325 789 1390 τελεῖν
816 1328 938 1390 verbum
967 1327 1025 1388 vim
1050 1328 1222 1408 perficiendi
1246 1327 1352 1389 babere
1380 1327 1456 1389 sicut
1477 1337 1556 1390 recte

198 1431 285 1505 11,2
309 1431 339 1492 ei
360 1428 405 1513 μὴ
433 1424 530 1502 αὐτὸς
551 1427 793 1512 τετελειοίκυιμι
817 1428 1037 1515 τελειωθῆναι
1060 1428 1127 1496 ὑπὸ
1148 1435 1215 1494 τῶν
1236 1430 1323 1512 ἐμάν
1345 1427 1557 1513 κληρονόμων

195 1531 343 1606 ἐπέταξα
366 1533 510 1614 scriptum
533 1541 578 1594 est
600 1531 639 1614 (si
658 1538 738 1594 uicus
761 1553 818 1596 nors
837 1537 1020 1614 perfecissem
1039 1537 1143 1617 perfici
1163 1536 1198 1596 ob
1220 1536 1368 1598 beredtbus
1388 1535 1481 1616 russi),
1504 1535 1555 1596 sed

194 1657 294 1718 neque
322 1637 350 1711 3,
367 1637 405 1698 21
436 1647 514 1697 recte
542 1636 630 1698 habet
657 1635 778 1698 verbum
809 1636 840 1698 in
867 1637 914 1698 his
942 1632 964 1697 ἃ
991 1635 1028 1700 δέ
1054 1634 1129 1699 τότε
1156 1636 1201 1699 δι’
1228 1636 1309 1720 ἐμοῦ
1336 1634 1356 1722 ἡ
1379 1635 1557 1720 σύγκλητος

196 1743 456 1822 οἰκονομεῖσθαι
474 1737 640 1820 ἐβούλετο,
657 1737 856 1818 -ἐτέλεσα,
872 1759 970 1820 neque
992 1741 1021 1813 6,
1037 1740 1088 1801 21.
1104 1740 1145 1799 22
1167 1739 1198 1800 in
1212 1739 1259 1800 his
1275 1740 1340 1802 vair
1355 1737 1557 1823 πραγμάτων

193 1843 281 1906 κατὰ
305 1843 363 1917 τάς
386 1841 481 1924 εὐχάς
498 1841 722 1905 τελεσθέντων
729 1869 739 1918 ,·
768 1851 874 1903 neutro
894 1843 974 1905 enim
991 1843 1056 1904 loco
1076 1844 1250 1905 terminandi
1268 1843 1349 1906 notio
1367 1843 1556 1925 exprimenda

194 1946 264 2010 luit.
299 1947 403 2008 Potest
423 1946 543 2025 quidem
566 1949 661 2007 minor
682 1945 898 2026 comparativus
920 1953 950 2008 et
965 1940 1068 2028 ἥττων
1083 1953 1113 2008 et
1127 1943 1271 2012 ἐλάττων
1285 1969 1358 2024 εεεε,
1386 1947 1437 2010 sed
1452 1945 1556 2008 vitiose

192 2051 245 2113 ille
267 2050 386 2130 scripsit
411 2050 459 2124 13,
475 2050 494 2109 2
517 2043 554 2110 αλ
578 2046 614 2110 δὲ
638 2043 773 2131 ἥσσονες
789 2046 926 2120 πλείους
941 2046 1173 2130 ἐναυμάχησαν
1187 2052 1297 2132 (plures
1312 2065 1407 2115 omem
1420 2048 1556 2128 minores)

192 2173 254 2216 nec
275 2153 367 2232 magis
389 2162 468 2215 reete
491 2153 521 2213 in
544 2151 675 2213 oratione
698 2153 786 2213 etiam
810 2153 866 2213 alio
888 2151 1009 2213 nomine
1030 2153 1221 2234 vituperanda
1245 2155 1308 2228 8,7
1332 2161 1456 2226 αἵτινες
1477 2152 1556 2235 ἐμαί

193 2251 371 2329 ἐπιδόσεις
393 2252 553 2320 οὐδέποτε
576 2247 677 2337 ἧσσον
698 2242 808 2338 ἦλθον
831 2255 878 2326 είς
901 2249 1029 2336 ἀνδρῶν
1050 2253 1214 2338 μυριάδας
1237 2261 1344 2321 εἴκοσι
1360 2259 1459 2320 πέντε
1473 2257 1555 2338 (per-

192 2371 338 2423 verterunt
366 2360 404 2421 od
432 2361 579 2422 bominum
604 2359 685 2428 milio
714 2377 863 2440 κακηιωιιι
888 2361 985 2419 msam
1012 2378 1028 2418 ι
1054 2349 1080 2419 et
1102 2364 1162 2431 ccl.
1211 2361 1313 2423 Potest
1341 2361 1459 2441 quidem
1477 2361 1556 2439 ’βίος

193 2466 277 2527 idem
299 2483 364 2526 esse
386 2483 420 2526 ac
441 2467 529 2526 obrue
551 2462 641 2543 (βίον
663 2459 749 2539 ἔχειν
771 2456 840 2523 ἀπό
861 2481 952 2531 τινος
973 2460 1018 2522 vel
1042 2457 1076 2521 ἔκ
1099 2463 1215 2542 τινος),
1245 2463 1293 2525 rix
1314 2483 1383 2526 vero
1405 2464 1555 2543 Augustus

193 2569 225 2631 si
247 2569 354 2631 Graece
377 2567 542 2647 scripsisset
564 2566 599 2626 de
623 2565 772 2627 aedicere
800 2572 915 2646 poterat
942 2565 1020 2643 quod
1049 2566 1193 2628 dicentem
1222 2585 1290 2627 eum
1318 2567 1387 2630 iacit
1407 2566 1555 2646 interpres

193 2672 264 2746 8‚4
286 2667 414 2734 δοίδεκα
437 2665 682 2752 σιτομετρήσεις
704 2667 740 2730 ἐκ
761 2667 821 2731 τοῦ
843 2659 924 2749 ἐμοῦ
940 2668 1017 2747 βίον
1039 2663 1252 2751 ἆπεμέτρησα
1273 2669 1432 2752 (frumento
1451 2673 1556 2749 prium

191 2781 250 2838 tim
271 2773 418 2856 coempto).
463 2773 565 2833 Potest
586 2771 705 2852 quidem
728 2771 898 2853 saepissime
920 2773 1076 2853 accipiendi
1099 2771 1222 2833 verbum
1245 2769 1361 2853 λαβεῖν
1385 2772 1473 2845 verti,
1495 2791 1556 2833 non

191 2879 295 2961 potuit
326 2879 374 2952 11,
390 2877 430 2938 23
454 2875 511 2938 dici
535 2873 595 2948 τὰς
623 2874 670 2947 είς
697 2871 755 2936 τὸν
788 2877 953 2957 στέφανον
979 2871 1178 2952 ἐπαγγελίας
1206 2869 1264 2936 οῦκ
1292 2867 1413 2957 ἔλαβον
1441 2895 1495 2955 pro
1521 2893 1556 2936 ee

191 2981 276 3062 quod
303 2988 349 3042 est
377 2975 416 3042 οὐ
442 2973 703 3062 προσεδεξάμην.
759 2976 859 3057 Longe
886 2997 955 3041 vero
983 2979 1250 3042 luculentissimum
1285 2978 1437 3058 imperitae
1470 2977 1557 3040 huius

191 3078 414 3166 ἇκυρολογίας
436 3083 603 3161 exemplum
627 3090 705 3143 extat
730 3083 778 3154 11,
793 3080 844 3154 20,
868 3081 919 3142 ubi
940 3101 1014 3161 quae
1038 3082 1153 3164 scripsit
1174 3083 1323 3162 Augustus
1343 3086 1412 3144 ouri
1425 3085 1560 3143 cormeori

189 3187 290 3269 pondo
319 3191 437 3266 triptota
465 3197 490 3248 et
515 3189 635 3266 ηαιίιηαε
662 3183 755 3246 millio
781 3189 942 3264 mrtcicipiis
967 3197 993 3246 et
1021 3187 1126 3249 colonis
1149 3185 1251 3248 ltolioe
1280 3185 1491 3265 consereretibus
1519 3185 1558 3245 od

151 3333 166 3355 .
191 3290 356 3369 triumphos
377 3307 453 3350 meos
475 3292 604 3370 quintum
627 3287 724 3348 comui
744 3291 855 3358 remisi,
886 3307 919 3348 ea
940 3286 1086 3367 interpres
1114 3288 1157 3351 sic
1183 3285 1412 3369 repraesentavit
1434 3284 1557 3348 Graece:

192 3394 247 3465 είς
267 3393 408 3474 χρυσοῦν
430 3386 595 3473 στέφανον
610 3388 745 3472 λειτρῶν
760 3392 962 3472 τρισμυρίων
978 3389 1272 3470 πεντακισχειλίων
1294 3383 1559 3469 καταφερούσαις

191 3505 272 3568 ταῖς
299 3493 334 3557 ἐν
357 3491 478 3574 Ἰταλία
505 3493 693 3566 πολιτείαις
719 3491 776 3553 καὶ
807 3489 984 3570 άποικίαις
1016 3490 1289 3576 συνεχώρησα.
1343 3493 1472 3572 Apparet
1504 3492 1560 3553 hoc

192 3603 263 3662 loco
285 3607 466 3681 συγχωρεῖν
487 3617 547 3659 non
561 3599 726 3660 remittendi
746 3599 798 3660 sed
816 3604 1002 3680 permittendi
1021 3601 1080 3663 vim
1103 3599 1209 3660 habere
1224 3596 1367 3678 planeque
1382 3595 1559 3659 contrariam
1619 3631 1626 3642 ·

193 3723 233 3766 ac
259 3703 390 3764 voluerat
417 3701 543 3782 scriptor
571 3701 646 3762 ellici
674 3703 862 3764 sententiam.
917 3704 1020 3766 Potest
1053 3723 1123 3765 sane
1153 3711 1333 3784 συγχωρεῖν
1360 3701 1438 3762 idem
1466 3699 1560 3760 valere

193 3807 276 3887 quod
298 3811 455 3876 remittere,
484 3804 534 3866 sed
558 3803 710 3885 pecuniam
735 3805 861 3868 oblatam
893 3807 953 3868 sive
976 3807 1102 3870 debitam
1125 3804 1276 3866 remittere
1299 3805 1407 3866 Graece
1433 3823 1493 3865 uon
1515 3812 1562 3863 est

194 3917 379 3988 συγχωρεῖν
404 3909 455 3970 εει]
488 3909 646 3990 μεθιέναι
677 3907 795 3984 tllerod.
819 3909 856 3969 Vl
878 3909 941 3989 59).
990 3909 1069 3970 llaec
1095 3906 1208 3981 omnia,
1236 3927 1311 3987 quae
1339 3908 1421 3969 nullo
1443 3905 1560 3985 negotio

194 4014 298 4094 augeri
326 4018 475 4094 poterant,
505 4012 530 4072 si
560 4029 628 4072 cum
651 4011 838 4091 paucissimis
866 4030 948 4074 rarae
975 4013 1134 4091 elegantiae
1163 4010 1305 4091 exemplis
1334 4009 1493 4072 contuleris
1520 4043 1562 4054 -

194 4117 263 4180 vide
292 4125 359 4179 ante
389 4114 488 4177 onmia
518 4116 566 4189 14,
582 4113 621 4174 21
647 4112 805 4188 πλείστας
835 4112 952 4188 πόλεις
981 4110 1205 4199 δοριαλώτους
1233 4111 1350 4192 ἔλαβεν
1377 4111 1562 4192 (simpliciter

195 4223 350 4301 Augustus
379 4219 528 4298 complura
556 4218 659 4298 oppido
687 4217 781 4298 copto)
803 4251 846 4263 -
859 4215 917 4278 ‘vix
945 4217 1057 4297 poteris
1087 4217 1285 4296 suspicionem
1316 4217 1417 4297 procul
1445 4214 1561 4289 habere,

196 4326 390 4404 interpretem
415 4320 544 4384 adhibito
567 4319 708 4401 glossario
730 4339 793 4382 rem
816 4320 959 4400 gessisse:
988 4340 1023 4381 ex
1057 4305 1197 4399 glossario
1219 4328 1334 4400 poterat
1355 4330 1456 4400 petere
1482 4337 1562 4381 rem-

192 4429 342 4510 publicam
363 4423 536 4506 explicatam
559 4423 600 4486 τὰ
620 4423 717 4486 κοινὰ
740 4421 929 4505 πράγματα,
949 4424 1087 4504 perficere
1109 4419 1224 4497 τελεῖν,
1246 4423 1397 4502 odsiprsure
1417 4418 1563 4504 μερίζειν

198 4532 245 4605 (8,
262 4528 329 4610 22),
357 4527 497 4590 rebellare
529 4521 753 4609 ἀναπολεμεῖν
780 4527 844 4607 (15,
861 4526 890 4602 8,
919 4527 970 4589 ubi
1001 4527 1126 4588 debebat
1153 4522 1356 4608 νεωτερίζειν
1379 4525 1502 4605 dicere);
1528 4544 1564 4586 ex

198 4633 340 4716 glossario
362 4629 454 4696 etiam
476 4629 773 4711 interpretamentum
797 4630 926 4711 sumpsit
950 4629 1031 4706 18,1
1057 4627 1075 4693 ὁ
1099 4628 1232 4712 δρύινος
1253 4626 1446 4712 στέφανοςὸ
1469 4627 1565 4692 διδύ-

198 4757 295 4820 μενος
327 4733 385 4799 ἐπὶ
418 4735 565 4816 σωτηρίᾳ
596 4735 661 4799 asir
695 4733 842 4800 πολιτιῦν
873 4737 995 4814 (corono
1025 4738 1115 4797 civico
1148 4734 1305 4816 scripserat
1337 4733 1500 4813 Augustus)
1536 4741 1566 4794 et
