3525 5417
625 300 629 306 ⁵
760 323 794 391 V,
812 325 918 380 36-38
1451 335 1511 399 121

327 505 463 567 duumuir
481 504 618 567 inventus
633 512 680 566 est
693 503 911 585 (Friedlaender
924 504 1000 587 apud
1017 505 1158 569 Salletum
1172 513 1305 571 numism.
1321 511 1479 593 Zeitschrist
1494 513 1513 574 6

326 627 355 688 p.
370 607 431 688 13),
446 607 477 670 id
491 607 570 688 quod
585 607 737 689 proprium
753 617 798 670 est
812 609 992 672 coloniarum
1013 629 1029 672 a
1045 610 1167 673 Caesare
1181 621 1263 692 patre
1278 613 1513 678 constitutarum.

263 711 419 793 Aegyptus.

263 814 400 896 cyrenae.

155 918 206 978 sd
227 928 326 1000 partes
346 919 462 1002 imperii
485 928 547 981 tum
571 917 627 980 suh
647 919 766 998 regibus
784 919 958 981 constitutas
973 917 1135 996 Thraciam,
1159 922 1377 1004 Cappadociam,
1400 925 1514 988 Maure-

155 1022 288 1098 taniam,
318 1022 389 1085 item
417 1024 448 1085 in
475 1022 610 1084 libertate
639 1023 814 1086 constitutas
843 1022 959 1104 Lyciam
987 1032 1017 1085 et
1037 1023 1253 1106 Pamphyliam,
1282 1027 1312 1089 id
1334 1029 1431 1110 ipsum
1454 1049 1512 1092 non

154 1125 304 1206 pervenit
326 1145 395 1188 cum
417 1127 452 1187 de
473 1125 511 1187 iis
532 1125 668 1207 princeps
691 1126 811 1188 omnino
832 1125 954 1189 verbum
978 1145 1039 1189 non
1061 1127 1162 1202 faciat,
1184 1129 1213 1191 in
1237 1130 1414 1194 Mauretania
1436 1144 1514 1195 certe

152 1239 193 1291 et
207 1229 380 1292 Cartemam
403 1239 433 1292 et
447 1229 629 1311 Tupusuctu,
653 1248 776 1310 quarum
801 1249 888 1312 supra
912 1231 1109 1306 meminimus,
1132 1241 1162 1294 et
1183 1233 1252 1295 alias
1273 1235 1400 1298 colonias
1415 1238 1514 1318 plures

152 1333 311 1413 Augustus
333 1333 487 1396 constituit
509 1333 690 1413 (hlarquardt
711 1334 730 1395 l.
754 1352 779 1396 c.
801 1353 831 1416 p.
846 1333 931 1412 487).

181 1637 249 1680 nur.
264 1619 293 1693 5,
309 1635 335 1680 aa
351 1637 377 1680 ss
403 1617 485 1680 ltalia
506 1625 605 1679 autem
628 1615 912 1697 xxm11[eolc]nilhs,
935 1635 1011 1696 quae
1032 1617 1096 1678 vivo
1119 1636 1164 1680 are
1186 1619 1382 1684 celeberrimae
1403 1630 1433 1684 et
1454 1626 1514 1684 fre·

350 1740 378 1784 aa
404 1720 613 1802 quentissimae
635 1722 763 1790 fuerunt
789 1722 870 1798 mehe
892 1721 1021 1800 cuspius]
1042 1717 1046 1802 Ι
1066 1720 1204 1783 deductas
1226 1722 1342 1807 hahet}

154 1825 267 1899 cn.15,
281 1841 341 1886 nott
352 1841 382 1886 aa
406 1821 541 1900 'lculi-ia
562 1820 600 1885 δὲ
621 1823 728 1885 εἴκοσι
752 1816 834 1885 ὀκτώ
850 1817 1008 1897 ἀποικίας
1024 1820 1090 1902 ἔχει
1105 1815 1161 1886 ὑπ’
1176 1821 1257 1909 ἐμοῦ
1272 1830 1512 1912 campitellum,

404 1931 444 1989 al
463 1924 545 2010 spuo
567 1922 740 2006 περιόντος
764 1920 980 2008 aequivocat
1004 1924 1187 2007 dtdvxavov.
1206 1928 1211 2010 Ι

153 2058 195 2120 In
224 2059 282 2120 line
307 2078 335 2120 v.
350 2057 392 2119 37
418 2057 489 2139 quid
516 2055 658 2136 scriptum
685 2056 788 2130 tuerit,
814 2076 875 2119 non
904 2057 1003 2139 liquet.
1046 2057 1108 2139 Ego
1134 2059 1268 2122 dederam
1297 2061 1514 2144 [duodetripinto

155 2182 182 2224 a
210 2163 264 2241 me]
291 2163 438 2237 deductos,
467 2159 679 2222 Hirschfeldius
707 2161 736 2239 [ο
765 2179 809 2222 me
836 2161 988 2242 ampliatos
1014 2163 1073 2240 out]
1101 2163 1247 2238 deductos,
1276 2165 1423 2246 Bergldus·
1445 2168 1515 2244 [meo

150 2271 240 2329 iusso
260 2276 285 2328 et
298 2267 424 2345 coam]
438 2266 586 2339 deductor3
607 2263 639 2325 in
654 2263 749 2346 lapide
763 2283 921 2328 numerum
936 2264 994 2327 iam
1009 2256 1125 2327 constat
1138 2267 1178 2328 ibi
1193 2287 1267 2344 esse,
1284 2269 1332 2330 ubi
1348 2289 1395 2332 res
1410 2278 1514 2351 postu-

152 2371 202 2432 lat
215 2371 448 2450 collocarentque
469 2369 534 2431 iure
556 2367 698 2446 Bergkius
719 2377 749 2430 et
771 2368 998 2442 hirschleldius‚
1028 2379 1096 2448 post
1116 2373 1238 2451 sucrum
1258 2382 1356 2438 autem
1380 2384 1515 2456 superest

153 2493 207 2536 me
233 2472 435 2535 deficientibus
462 2471 569 2534 litteris
594 2471 710 2534 circiter
737 2471 902 2534 duodecim.
945 2471 1107 2534 difficultas
1134 2494 1169 2536 eo
1196 2485 1319 2556 augetur
1340 2478 1419 2557 quod
1441 2497 1513 2540 con·

154 2597 267 2641 sensus
288 2577 365 2640 inter
379 2577 522 2639 Graecum
537 2583 700 2637 vertentem
716 2570 772 2638 ὑπ’
794 2571 875 2659 ἐμοῦ
897 2584 927 2638 et
942 2577 1116 2639 Suetonium
1134 2579 1216 2671 (hug.
1233 2581 1289 2643 to:
1311 2579 1428 2645 ltaliam
1442 2583 1514 2646 duo-

156 2683 313 2761 detn'ptnto
334 2682 511 2744 solonianum
532 2697 651 2742 οοοιονο
674 2680 862 2743 deductarum
884 2681 920 2742 od
941 2699 970 2742 se
990 2682 1194 2762 srewuuuoit)
1217 2681 1280 2745 sine
1296 2683 1384 2747 dubio
1399 2704 1434 2747 ex
1448 2685 1512 2766 ipso

153 2784 256 2847 indice
282 2786 459 2866 pendentem
487 2783 635 2865 postulare
661 2782 790 2860 videtur,
819 2792 853 2846 ut
878 2783 928 2845 hic
956 2801 1016 2846 non
1045 2783 1122 2845 aliud
1152 2785 1242 2848 luerit
1266 2786 1324 2850 nisi
1352 2788 1400 2850 cui
1426 2789 1514 2851 verba

152 2911 180 2953 a
200 2909 245 2952 me
265 2899 345 2953 recte
367 2898 397 2952 et
417 2889 502 2971 plene
523 2886 729 2969 respondeant.
760 2889 857 2962 Quare
877 2892 947 2952 mua
961 2891 1094 2970 οοομίοἰοο
1107 2907 1217 2969 ponere
1232 2891 1322 2953 malui
1337 2911 1425 2972 quam
1441 2911 1513 2974 sup-

152 2993 342 3075 plementum
363 2992 558 3073 Berghianum
587 3009 640 3072 per
669 3009 701 3053 se
727 2992 892 3073 optimum3
919 3010 987 3054 narn
1014 2991 1141 3054 colonias
1163 2993 1199 3055 ah
1220 2992 1352 3074 Augusto
1374 2995 1513 3057 deductas

154 3116 260 3159 verum
288 3106 333 3160 est
360 3115 463 3160 omnes
490 3105 542 3158 aut
562 3095 649 3157 Iulias
678 3095 769 3158 dictas
791 3096 881 3159 luisse
904 3104 955 3159 aut
975 3096 1130 3176 Augustas.
1174 3096 1280 3160 Videor
1302 3097 1373 3160 adeo
1394 3099 1425 3160 in
1449 3099 1512 3179 ipso

155 3210 263 3282 aetypo
284 3210 445 3264 extrenum
466 3217 569 3262 versus
591 3197 719 3260 litteram
742 3218 757 3261 s
779 3198 852 3262 mihi
874 3199 1102 3282 deprehendisse
1124 3209 1286 3282 separatam
1309 3222 1326 3264 a
1347 3223 1393 3264 us
1411 3201 1511 3264 decem
1606 3217 1609 3233 ·

153 3305 323 3368 litterarum
345 3304 510 3379 intervall03
540 3320 604 3365 eam
627 3310 726 3364 tamen
748 3323 968 3386 supraponere
990 3303 1085 3378 nolui,
1109 3304 1248 3384 quoniam
1271 3324 1329 3368 non
1353 3314 1513 3368 enotarunt

155 3410 212 3488 qni
233 3408 332 3490 ipsum
353 3408 480 3490 lapidem
502 3406 648 3469 viderunt.

259 3512 397 3586 Quaestio
425 3512 497 3574 haec
522 3519 557 3573 ut
582 3509 613 3571 in
636 3509 733 3574 verbis
755 3509 933 3584 continetur,
956 3509 997 3573 ita
1018 3511 1103 3590 longe
1125 3511 1287 3591 graviorem
1309 3511 1395 3574 etad
1417 3511 1510 3593 ipsam

153 3633 222 3676 rem
250 3615 447 3695 pertinentem
468 3633 502 3677 ea
524 3623 643 3676 movent
663 3614 732 3676 licet
753 3632 807 3695 per
829 3633 861 3676 se
884 3613 1116 3695 simplicissima,
1146 3615 1256 3678 sedicet
1277 3613 1347 3696 quid
1369 3615 1513 3694 significet

156 3718 306 3801 princeps,
327 3719 378 3781 uhi
400 3718 531 3800 loquitur
546 3716 581 3778 de
595 3716 676 3778 ltalia
692 3717 772 3778 etde
787 3717 910 3779 coloniis
925 3736 941 3779 a
956 3736 988 3779 se
1003 3717 1145 3780 deductis.
1181 3720 1244 3792 Qus
1259 3721 1295 3781 de
1309 3738 1341 3780 re
1356 3726 1511 3801 postquam

155 3840 255 3904 nuper
275 3823 341 3884 data
363 3842 450 3905 opera
472 3820 618 3902 disputavi
639 3820 768 3883 colonias
790 3821 888 3884 ltaliae
911 3840 1067 3883 recensens
1089 3821 1227 3885 deductas
1248 3843 1264 3884 a
1288 3823 1367 3885 Sulla
1389 3823 1424 3885 ad
1439 3823 1512 3884 Ves-

155 3925 312 4007 pasianum
335 3924 473 4002 (Hermae
487 3925 543 3987 vol.
569 3924 607 3988 18
623 3945 651 4006 p.
670 3925 727 3987 161
745 3945 816 4005 seq,
841 3924 1012 4007 praesertim
1029 3945 1058 4005 p.
1077 3925 1159 4004 186),
1183 3927 1231 3990 hic
1245 3947 1319 4007 quae
1334 3925 1375 3990 ihi
1390 3926 1512 4007 exposui

157 4029 261 4109 paucis
281 4037 422 4110 repetam.

257 4133 369 4196 ltaliam
391 4132 519 4213 intellegi
540 4152 558 4194 a
578 4132 710 4213 principe
731 4151 815 4208 eam,
828 4151 904 4214 quae
925 4140 990 4195 tum
1012 4115 1157 4195 luit'cum
1175 4133 1301 4216 scripsit,
1322 4133 1353 4196 id
1368 4142 1414 4196 cst
1429 4152 1511 4196 com·

157 4234 333 4314 prehensam
356 4235 432 4297 inter
446 4235 556 4297 Varum
577 4243 608 4298 et
621 4236 746 4312 Arsiam,
769 4256 839 4299 sane
860 4256 921 4298 non
943 4239 1020 4299 loret
1041 4235 1091 4316 qui
1113 4238 1144 4299 in
1159 4227 1371 4300 dubitationem
1385 4247 1511 4316 vocaret,

155 4337 214 4399 nisi
236 4348 335 4401 essent
356 4340 487 4402 coloniae
509 4338 632 4420 Augusti
652 4349 748 4403 certae
770 4350 800 4403 et
820 4340 935 4403 nobiles
957 4339 1132 4420 lllyricanae.
1170 4341 1243 4404 Nam
1258 4341 1400 4405 Emonam
1425 4345 1463 4419 (v.
1480 4341 1511 4404 C.

155 4441 179 4503 1.
194 4441 228 4504 L.
243 4441 283 4504 Ill
303 4462 333 4525 p.
349 4442 424 4523 489)
445 4442 476 4504 in
499 4441 613 4524 illyrico
634 4443 788 4520 interiore,
816 4444 848 4506 in
870 4440 1021 4527 superiore
1042 4444 1126 4506 Iader
1147 4445 1186 4526 (v.
1203 4445 1233 4507 C.
1250 4445 1272 4506 l.
1288 4446 1320 4507 L.
1337 4447 1375 4507 lll
1391 4466 1419 4526 p.
1436 4445 1511 4526 374)

155 4555 187 4608 et
207 4546 328 4610 Sdonas
352 4546 386 4629 (l.
406 4566 431 4608 c.
451 4566 480 4627 p.
497 4546 590 4631 304),
619 4551 744 4612 tortasse
773 4550 860 4612 etiam
881 4551 1060 4632 Epidaurum
1084 4551 1114 4632 (l.
1131 4569 1156 4612 o.
1172 4570 1200 4633 p.
1217 4549 1292 4630 287)
1313 4557 1343 4611 et
1364 4549 1510 4612 Naronem

156 4650 188 4730 (l.
204 4669 230 4712 c.
245 4671 274 4732 p.
291 4651 366 4732 291)
395 4651 515 4713 colonos
545 4671 613 4714 eum
641 4653 755 4717 misisse
785 4665 837 4718 aut
862 4665 975 4718 certum
1006 4664 1052 4718 est
1073 4663 1124 4717 aut
1146 4663 1226 4716 certo
1248 4653 1430 4734 proximum,
1457 4672 1512 4716 nee

155 4752 347 4817 continentur
367 4755 499 4818 coloniae
519 4755 687 4836 illyricanae
708 4757 801 4840 capite
823 4757 967 4840 proximo,
990 4778 1049 4839 quo
1070 4757 1168 4838 agitur
1186 4756 1221 4818 de
1241 4756 1363 4820 coloniis
1378 4755 1510 4818 deductis
