<?xml version="1.0" encoding="UTF-8"?>
<!DOCTYPE html PUBLIC "-//W3C//DTD XHTML 1.0 Transitional//EN"
    "http://www.w3.org/TR/xhtml1/DTD/xhtml1-transitional.dtd">
<html xmlns="http://www.w3.org/1999/xhtml" xml:lang="en" lang="en">
 <head>
  <title>
</title>
<meta http-equiv="Content-Type" content="text/html;charset=utf-8" />
  <meta name='ocr-system' content='tesseract 3.04.00' />
  <meta name='ocr-capabilities' content='ocr_page ocr_carea ocr_par ocr_line ocrx_word'/>
</head>
<body>
  <div class='ocr_page' id='page_1' title='image "./resgestaediviau00mommgoog_0281.png"; bbox 0 0 3525 5417; ppageno 0'>
   <div class='ocr_carea' id='block_1_1' title="bbox 630 343 1506 416">
    <p class='ocr_par' dir='ltr' id='par_1_1' title="bbox 630 343 1506 416">
     <span class='ocr_line' id='line_1_1' title="bbox 630 343 1506 416; baseline 0.023 -20"><span class='ocrx_word' id='word_1_1' title='bbox 630 343 786 400; x_wconf 82' lang='lat' dir='ltr'>TITVLVS</span> <span class='ocrx_word' id='word_1_2' title='bbox 804 344 1028 400; x_wconf 80' lang='lat' dir='ltr'>TIBVRTINVS</span> <span class='ocrx_word' id='word_1_3' title='bbox 1445 354 1506 416; x_wconf 82' lang='grc'>177</span> 
     </span>
    </p>
   </div>
   <div class='ocr_carea' id='block_1_2' title="bbox 145 523 1511 1637">
    <p class='ocr_par' dir='ltr' id='par_1_2' title="bbox 146 523 1507 708">
     <span class='ocr_line' id='line_1_2' title="bbox 146 523 1507 605; baseline 0.004 -23"><span class='ocrx_word' id='word_1_4' title='bbox 146 523 449 603; x_wconf 87' lang='lat' dir='ltr'>praeterquamquod</span> <span class='ocrx_word' id='word_1_5' title='bbox 466 523 611 584; x_wconf 81' lang='lat' dir='ltr'>Herodem</span> <span class='ocrx_word' id='word_1_6' title='bbox 629 523 704 584; x_wconf 93' lang='lat' dir='ltr'>male</span> <span class='ocrx_word' id='word_1_7' title='bbox 719 524 850 597; x_wconf 79' lang='lat' dir='ltr'><strong>adscivit,</strong></span> <span class='ocrx_word' id='word_1_8' title='bbox 873 544 908 586; x_wconf 92' lang='lat' dir='ltr'>eo</span> <span class='ocrx_word' id='word_1_9' title='bbox 924 525 985 586; x_wconf 93' lang='lat' dir='ltr'>solo</span> <span class='ocrx_word' id='word_1_10' title='bbox 1008 525 1129 587; x_wconf 91' lang='lat' dir='ltr'>nomine</span> <span class='ocrx_word' id='word_1_11' title='bbox 1151 527 1267 601; x_wconf 86' lang='lat' dir='ltr'>errarit,</span> <span class='ocrx_word' id='word_1_12' title='bbox 1291 527 1370 605; x_wconf 91' lang='lat' dir='ltr'>quod</span> <span class='ocrx_word' id='word_1_13' title='bbox 1386 547 1507 590; x_wconf 85' lang='lat' dir='ltr'>censum</span> 
     </span>
     <span class='ocr_line' id='line_1_3' title="bbox 146 625 1184 708; baseline 0.004 -23"><span class='ocrx_word' id='word_1_14' title='bbox 146 644 187 685; x_wconf 83' lang='lat' dir='ltr'>ex</span> <span class='ocrx_word' id='word_1_15' title='bbox 209 625 335 697; x_wconf 82' lang='lat' dir='ltr'>Quirinii</span> <span class='ocrx_word' id='word_1_16' title='bbox 357 627 612 689; x_wconf 79' lang='lat' dir='ltr'>administratione</span> <span class='ocrx_word' id='word_1_17' title='bbox 633 627 796 706; x_wconf 88' lang='lat' dir='ltr'>posteriore</span> <span class='ocrx_word' id='word_1_18' title='bbox 820 627 970 689; x_wconf 88' lang='lat' dir='ltr'>transtulit</span> <span class='ocrx_word' id='word_1_19' title='bbox 991 628 1022 689; x_wconf 93' lang='lat' dir='ltr'>in</span> <span class='ocrx_word' id='word_1_20' title='bbox 1045 628 1184 708; x_wconf 93' lang='lat' dir='ltr'>priorem.</span> 
     </span>
    </p>

    <p class='ocr_par' dir='ltr' id='par_1_3' title="bbox 147 727 1510 912">
     <span class='ocr_line' id='line_1_4' title="bbox 235 727 1510 812; baseline 0.005 -24"><span class='ocrx_word' id='word_1_21' title='bbox 235 727 282 788; x_wconf 82' lang='lat' dir='ltr'>rt.</span> <span class='ocrx_word' id='word_1_22' title='bbox 315 727 398 789; x_wconf 85' lang='lat' dir='ltr'>Diem</span> <span class='ocrx_word' id='word_1_23' title='bbox 420 729 492 790; x_wconf 92' lang='lat' dir='ltr'>obiit</span> <span class='ocrx_word' id='word_1_24' title='bbox 507 729 659 802; x_wconf 84' lang='lat' dir='ltr'>Quirinius</span> <span class='ocrx_word' id='word_1_25' title='bbox 682 737 756 791; x_wconf 89' lang='lat' dir='ltr'>teste</span> <span class='ocrx_word' id='word_1_26' title='bbox 776 729 876 792; x_wconf 87' lang='lat' dir='ltr'>Tacito</span> <span class='ocrx_word' id='word_1_27' title='bbox 899 731 980 810; x_wconf 91' lang='lat' dir='ltr'>(ann.</span> <span class='ocrx_word' id='word_1_28' title='bbox 998 731 1027 804; x_wconf 89' lang='lat'>3,</span> <span class='ocrx_word' id='word_1_29' title='bbox 1045 732 1099 811; x_wconf 89' lang='grc'>48)</span> <span class='ocrx_word' id='word_1_30' title='bbox 1122 733 1304 812; x_wconf 83' lang='lat' dir='ltr'>grandaevus</span> <span class='ocrx_word' id='word_1_31' title='bbox 1326 753 1351 794; x_wconf 93' lang='lat' dir='ltr'>a.</span> <span class='ocrx_word' id='word_1_32' title='bbox 1365 753 1394 794; x_wconf 96' lang='grc'>5.</span> <span class='ocrx_word' id='word_1_33' title='bbox 1406 753 1431 795; x_wconf 93' lang='grc'>5.</span> <span class='ocrx_word' id='word_1_34' title='bbox 1449 734 1510 795; x_wconf 93' lang='grc'>774</span> 
     </span>
     <span class='ocr_line' id='line_1_5' title="bbox 147 830 887 912; baseline 0.008 -23"><span class='ocrx_word' id='word_1_35' title='bbox 147 830 212 890; x_wconf 84' lang='lat' dir='ltr'>sire</span> <span class='ocrx_word' id='word_1_36' title='bbox 234 849 262 910; x_wconf 91' lang='lat' dir='ltr'>p.</span> <span class='ocrx_word' id='word_1_37' title='bbox 286 830 353 890; x_wconf 84' lang='lat' dir='ltr'>Chr.</span> <span class='ocrx_word' id='word_1_38' title='bbox 377 831 415 892; x_wconf 93' lang='grc'>21</span> <span class='ocrx_word' id='word_1_39' title='bbox 439 831 538 911; x_wconf 90' lang='lat' dir='ltr'>itaque</span> <span class='ocrx_word' id='word_1_40' title='bbox 560 832 694 911; x_wconf 81' lang='lat' dir='ltr'>htrgusto</span> <span class='ocrx_word' id='word_1_41' title='bbox 717 833 887 912; x_wconf 83' lang='lat' dir='ltr'>supervixit.</span> 
     </span>
    </p>

    <p class='ocr_par' dir='ltr' id='par_1_4' title="bbox 145 933 1511 1637">
     <span class='ocr_line' id='line_1_6' title="bbox 251 933 1510 1020; baseline 0.005 -26"><span class='ocrx_word' id='word_1_42' title='bbox 251 933 436 1014; x_wconf 81' lang='lat' dir='ltr'>Quapropter</span> <span class='ocrx_word' id='word_1_43' title='bbox 458 944 597 1014; x_wconf 91' lang='lat' dir='ltr'>quattuor</span> <span class='ocrx_word' id='word_1_44' title='bbox 619 935 676 996; x_wconf 94' lang='lat' dir='ltr'>illis</span> <span class='ocrx_word' id='word_1_45' title='bbox 699 935 777 997; x_wconf 88' lang='lat' dir='ltr'>tituli</span> <span class='ocrx_word' id='word_1_46' title='bbox 792 936 939 999; x_wconf 86' lang='lat' dir='ltr'>Tiburtini</span> <span class='ocrx_word' id='word_1_47' title='bbox 962 938 1078 999; x_wconf 90' lang='lat' dir='ltr'>indiciis</span> <span class='ocrx_word' id='word_1_48' title='bbox 1102 958 1169 1000; x_wconf 89' lang='lat' dir='ltr'>cum</span> <span class='ocrx_word' id='word_1_49' title='bbox 1186 938 1291 1018; x_wconf 89' lang='lat' dir='ltr'>reliqui</span> <span class='ocrx_word' id='word_1_50' title='bbox 1308 939 1409 1019; x_wconf 75' lang='lat' dir='ltr'>Syriae</span> <span class='ocrx_word' id='word_1_51' title='bbox 1424 940 1510 1020; x_wconf 79' lang='lat' dir='ltr'>legati</span> 
     </span>
     <span class='ocr_line' id='line_1_7' title="bbox 147 1037 1510 1116; baseline 0.006 -20"><span class='ocrx_word' id='word_1_52' title='bbox 147 1037 201 1116; x_wconf 90' lang='lat' dir='ltr'>qui</span> <span class='ocrx_word' id='word_1_53' title='bbox 231 1038 348 1116; x_wconf 89' lang='lat' dir='ltr'>quidem</span> <span class='ocrx_word' id='word_1_54' title='bbox 378 1037 440 1098; x_wconf 90' lang='lat' dir='ltr'>noti</span> <span class='ocrx_word' id='word_1_55' title='bbox 469 1038 527 1099; x_wconf 92' lang='lat' dir='ltr'>sint</span> <span class='ocrx_word' id='word_1_56' title='bbox 555 1038 747 1100; x_wconf 84' lang='lat' dir='ltr'>excludantur</span> <span class='ocrx_word' id='word_1_57' title='bbox 769 1058 886 1114; x_wconf 88' lang='lat' dir='ltr'>omues,</span> <span class='ocrx_word' id='word_1_58' title='bbox 915 1041 950 1102; x_wconf 93' lang='lat' dir='ltr'>de</span> <span class='ocrx_word' id='word_1_59' title='bbox 973 1042 1036 1103; x_wconf 89' lang='lat' dir='ltr'>solo</span> <span class='ocrx_word' id='word_1_60' title='bbox 1058 1051 1155 1104; x_wconf 91' lang='lat' dir='ltr'>autem</span> <span class='ocrx_word' id='word_1_61' title='bbox 1180 1041 1314 1115; x_wconf 86' lang='lat' dir='ltr'>Quirinio</span> <span class='ocrx_word' id='word_1_62' title='bbox 1337 1061 1397 1102; x_wconf 94' lang='lat' dir='ltr'>non</span> <span class='ocrx_word' id='word_1_63' title='bbox 1422 1044 1510 1106; x_wconf 93' lang='lat' dir='ltr'>modo</span> 
     </span>
     <span class='ocr_line' id='line_1_8' title="bbox 146 1139 1511 1220; baseline 0.005 -21"><span class='ocrx_word' id='word_1_64' title='bbox 146 1139 227 1200; x_wconf 88' lang='lat' dir='ltr'>nihil</span> <span class='ocrx_word' id='word_1_65' title='bbox 252 1141 398 1213; x_wconf 91' lang='lat' dir='ltr'>tradatur,</span> <span class='ocrx_word' id='word_1_66' title='bbox 428 1141 506 1220; x_wconf 90' lang='lat' dir='ltr'>quod</span> <span class='ocrx_word' id='word_1_67' title='bbox 534 1161 601 1202; x_wconf 86' lang='lat' dir='ltr'>curn</span> <span class='ocrx_word' id='word_1_68' title='bbox 631 1141 718 1203; x_wconf 87' lang='lat' dir='ltr'>titulo</span> <span class='ocrx_word' id='word_1_69' title='bbox 746 1161 807 1204; x_wconf 92' lang='lat' dir='ltr'>non</span> <span class='ocrx_word' id='word_1_70' title='bbox 834 1152 912 1204; x_wconf 90' lang='lat' dir='ltr'>recte</span> <span class='ocrx_word' id='word_1_71' title='bbox 935 1144 1120 1218; x_wconf 88' lang='lat' dir='ltr'>concilietur,</span> <span class='ocrx_word' id='word_1_72' title='bbox 1148 1146 1199 1206; x_wconf 89' lang='lat' dir='ltr'>sed</span> <span class='ocrx_word' id='word_1_73' title='bbox 1222 1147 1311 1206; x_wconf 89' lang='lat' dir='ltr'>etiam</span> <span class='ocrx_word' id='word_1_74' title='bbox 1334 1145 1511 1207; x_wconf 87' lang='lat' dir='ltr'>conveniant</span> 
     </span>
     <span class='ocr_line' id='line_1_9' title="bbox 146 1243 1511 1328; baseline 0.006 -25"><span class='ocrx_word' id='word_1_75' title='bbox 146 1243 181 1303; x_wconf 94' lang='lat' dir='ltr'>in</span> <span class='ocrx_word' id='word_1_76' title='bbox 204 1262 272 1304; x_wconf 92' lang='lat' dir='ltr'>eum</span> <span class='ocrx_word' id='word_1_77' title='bbox 295 1244 367 1324; x_wconf 91' lang='lat' dir='ltr'>ipsis</span> <span class='ocrx_word' id='word_1_78' title='bbox 382 1243 554 1306; x_wconf 82' lang='lat' dir='ltr'>adversariis</span> <span class='ocrx_word' id='word_1_79' title='bbox 569 1245 730 1307; x_wconf 87' lang='lat' dir='ltr'>latentibus</span> <span class='ocrx_word' id='word_1_80' title='bbox 745 1255 918 1307; x_wconf 92' lang='lat' dir='ltr'>ornamenta</span> <span class='ocrx_word' id='word_1_81' title='bbox 935 1246 1132 1326; x_wconf 86' lang='lat' dir='ltr'>triumphalia,</span> <span class='ocrx_word' id='word_1_82' title='bbox 1156 1265 1236 1309; x_wconf 89' lang='lat' dir='ltr'>mors</span> <span class='ocrx_word' id='word_1_83' title='bbox 1251 1257 1319 1328; x_wconf 91' lang='lat' dir='ltr'>post</span> <span class='ocrx_word' id='word_1_84' title='bbox 1334 1249 1511 1327; x_wconf 82' lang='lat' dir='ltr'>Augustum,</span> 
     </span>
     <span class='ocr_line' id='line_1_10' title="bbox 148 1346 1510 1431; baseline 0.004 -25"><span class='ocrx_word' id='word_1_85' title='bbox 148 1346 276 1425; x_wconf 88' lang='lat' dir='ltr'>deniqne</span> <span class='ocrx_word' id='word_1_86' title='bbox 310 1348 388 1426; x_wconf 89' lang='lat' dir='ltr'>qnod</span> <span class='ocrx_word' id='word_1_87' title='bbox 423 1347 584 1408; x_wconf 86' lang='lat' dir='ltr'>maximum</span> <span class='ocrx_word' id='word_1_88' title='bbox 615 1356 661 1409; x_wconf 88' lang='lat' dir='ltr'>est</span> <span class='ocrx_word' id='word_1_89' title='bbox 688 1349 786 1429; x_wconf 84' lang='lat' dir='ltr'>Syriae</span> <span class='ocrx_word' id='word_1_90' title='bbox 814 1349 919 1428; x_wconf 84' lang='lat' dir='ltr'>legatio</span> <span class='ocrx_word' id='word_1_91' title='bbox 948 1349 1072 1429; x_wconf 84' lang='lat' dir='ltr'>duplex,</span> <span class='ocrx_word' id='word_1_92' title='bbox 1106 1369 1181 1430; x_wconf 89' lang='lat' dir='ltr'>quae</span> <span class='ocrx_word' id='word_1_93' title='bbox 1212 1359 1328 1431; x_wconf 87' lang='lat' dir='ltr'>praeter</span> <span class='ocrx_word' id='word_1_94' title='bbox 1356 1351 1435 1412; x_wconf 88' lang='lat' dir='ltr'>hune</span> <span class='ocrx_word' id='word_1_95' title='bbox 1462 1351 1510 1412; x_wconf 87' lang='lat' dir='ltr'>alii</span> 
     </span>
     <span class='ocr_line' id='line_1_11' title="bbox 147 1449 1506 1532; baseline 0.006 -24"><span class='ocrx_word' id='word_1_96' title='bbox 147 1449 225 1510; x_wconf 92' lang='lat' dir='ltr'>nulli</span> <span class='ocrx_word' id='word_1_97' title='bbox 252 1450 311 1510; x_wconf 85' lang='lat' dir='ltr'>ullo</span> <span class='ocrx_word' id='word_1_98' title='bbox 338 1458 471 1530; x_wconf 85' lang='lat' dir='ltr'>tempore</span> <span class='ocrx_word' id='word_1_99' title='bbox 493 1450 608 1512; x_wconf 85' lang='lat' dir='ltr'>ridetur</span> <span class='ocrx_word' id='word_1_100' title='bbox 630 1451 778 1530; x_wconf 86' lang='lat' dir='ltr'>obtigisse,</span> <span class='ocrx_word' id='word_1_101' title='bbox 806 1452 932 1530; x_wconf 83' lang='lat' dir='ltr'>elogium</span> <span class='ocrx_word' id='word_1_102' title='bbox 956 1452 1145 1532; x_wconf 84' lang='lat' dir='ltr'>probabiliter</span> <span class='ocrx_word' id='word_1_103' title='bbox 1166 1452 1209 1514; x_wconf 90' lang='lat' dir='ltr'>sie</span> <span class='ocrx_word' id='word_1_104' title='bbox 1231 1453 1506 1532; x_wconf 86' lang='lat' dir='ltr'>redintegrabimus,</span> 
     </span>
     <span class='ocr_line' id='line_1_12' title="bbox 145 1549 1363 1637; baseline 0.005 -26"><span class='ocrx_word' id='word_1_105' title='bbox 145 1549 243 1630; x_wconf 88' lang='lat' dir='ltr'>patris</span> <span class='ocrx_word' id='word_1_106' title='bbox 265 1551 391 1623; x_wconf 90' lang='lat' dir='ltr'>Quirinii</span> <span class='ocrx_word' id='word_1_107' title='bbox 413 1553 604 1632; x_wconf 87' lang='lat' dir='ltr'>praenomine</span> <span class='ocrx_word' id='word_1_108' title='bbox 625 1554 736 1615; x_wconf 89' lang='lat' dir='ltr'>adscito</span> <span class='ocrx_word' id='word_1_109' title='bbox 759 1574 795 1615; x_wconf 81' lang='lat' dir='ltr'>ex</span> <span class='ocrx_word' id='word_1_110' title='bbox 816 1555 900 1617; x_wconf 86' lang='lat' dir='ltr'>lastis</span> <span class='ocrx_word' id='word_1_111' title='bbox 924 1555 1026 1617; x_wconf 87' lang='lat' dir='ltr'>Dionis</span> <span class='ocrx_word' id='word_1_112' title='bbox 1049 1554 1131 1636; x_wconf 83' lang='grc'><strong>(6.1.</strong></span> <span class='ocrx_word' id='word_1_113' title='bbox 1148 1555 1179 1617; x_wconf 93' lang='lat' dir='ltr'>L.</span> <span class='ocrx_word' id='word_1_114' title='bbox 1196 1556 1209 1617; x_wconf 95' lang='grc' dir='ltr'>Ι</span> <span class='ocrx_word' id='word_1_115' title='bbox 1229 1576 1258 1637; x_wconf 92' lang='lat' dir='ltr'>p.</span> <span class='ocrx_word' id='word_1_116' title='bbox 1275 1558 1363 1634; x_wconf 85' lang='grc'><strong>547);</strong></span> 
     </span>
    </p>
   </div>
   <div class='ocr_carea' id='block_1_3' title="bbox 1046 1749 1373 1812">
    <p class='ocr_par' dir='ltr' id='par_1_5' title="bbox 1046 1749 1373 1812">
     <span class='ocr_line' id='line_1_13' title="bbox 1046 1749 1373 1812; baseline 0.006 -16"><span class='ocrx_word' id='word_1_117' title='bbox 1046 1749 1175 1812; x_wconf 81' lang='lat' dir='ltr'>quiriniur</span> <span class='ocrx_word' id='word_1_118' title='bbox 1322 1762 1373 1798; x_wconf 86' lang='lat' dir='ltr'>coa.</span> 
     </span>
    </p>
   </div>
   <div class='ocr_carea' id='block_1_4' title="bbox 269 2193 1379 3164">
    <p class='ocr_par' dir='ltr' id='par_1_6' title="bbox 290 2193 1377 2924">
     <span class='ocr_line' id='line_1_14' title="bbox 290 2193 1373 2265; baseline 0.005 -22"><span class='ocrx_word' id='word_1_119' title='bbox 290 2193 391 2258; x_wconf 61' lang='grc'><strong>7535155</strong></span> <span class='ocrx_word' id='word_1_120' title='bbox 431 2208 470 2261; x_wconf 85' lang='lat' dir='ltr'>pr.</span> <span class='ocrx_word' id='word_1_121' title='bbox 513 2209 555 2260; x_wconf 82' lang='lat' dir='ltr'>pr.</span> <span class='ocrx_word' id='word_1_122' title='bbox 604 2193 661 2244; x_wconf 82' lang='lat' dir='ltr'>diui</span> <span class='ocrx_word' id='word_1_123' title='bbox 702 2197 809 2260; x_wconf 78' lang='lat' dir='ltr'>magnati</span> <span class='ocrx_word' id='word_1_124' title='bbox 857 2198 956 2261; x_wconf 59' lang='lat' dir='ltr'>mrtem</span> <span class='ocrx_word' id='word_1_125' title='bbox 998 2200 1023 2246; x_wconf 88' lang='lat' dir='ltr'>et</span> <span class='ocrx_word' id='word_1_126' title='bbox 1066 2199 1201 2264; x_wconf 78' lang='lat' dir='ltr'>phoenicen</span> <span class='ocrx_word' id='word_1_127' title='bbox 1255 2200 1373 2265; x_wconf 75' lang='lat' dir='ltr'>optinens</span> 
     </span>
     <span class='ocr_line' id='line_1_15' title="bbox 290 2304 1375 2374; baseline 0.005 -18"><span class='ocrx_word' id='word_1_128' title='bbox 290 2304 382 2357; x_wconf 71' lang='lat' dir='ltr'>oeterni</span> <span class='ocrx_word' id='word_1_129' title='bbox 531 2309 613 2373; x_wconf 76' lang='lat' dir='ltr'>garrit</span> <span class='ocrx_word' id='word_1_130' title='bbox 770 2324 829 2358; x_wconf 87' lang='lat' dir='ltr'>cum</span> <span class='ocrx_word' id='word_1_131' title='bbox 979 2312 1055 2374; x_wconf 77' lang='lat' dir='ltr'>gente</span> <span class='ocrx_word' id='word_1_132' title='bbox 1206 2309 1375 2361; x_wconf 72' lang='lat' dir='ltr'>demanden-</span> 
     </span>
     <span class='ocr_line' id='line_1_16' title="bbox 291 2421 1376 2488; baseline 0.003 -18"><span class='ocrx_word' id='word_1_133' title='bbox 291 2422 359 2470; x_wconf 73' lang='lat' dir='ltr'>sinn</span> <span class='ocrx_word' id='word_1_134' title='bbox 581 2438 645 2487; x_wconf 83' lang='lat' dir='ltr'>qnae</span> <span class='ocrx_word' id='word_1_135' title='bbox 863 2421 1029 2484; x_wconf 79' lang='lat' dir='ltr'>interfecerat</span> <span class='ocrx_word' id='word_1_136' title='bbox 1240 2426 1376 2488; x_wconf 78' lang='lat' dir='ltr'>amyntam</span> 
     </span>
     <span class='ocr_line' id='line_1_17' title="bbox 298 2527 1374 2594; baseline 0.001 -19"><span class='ocrx_word' id='word_1_137' title='bbox 298 2535 408 2577; x_wconf 76' lang='grc' dir='ltr'><strong>νΕῦΕΜ</strong></span> <span class='ocrx_word' id='word_1_138' title='bbox 424 2548 432 2564; x_wconf 83' lang='grc'><em>·</em></span> <span class='ocrx_word' id='word_1_139' title='bbox 448 2536 524 2590; x_wconf 67' lang='lat' dir='ltr'>QVA</span> <span class='ocrx_word' id='word_1_140' title='bbox 539 2547 547 2565; x_wconf 90' lang='lat'><strong>·</strong></span> <span class='ocrx_word' id='word_1_141' title='bbox 564 2536 739 2579; x_wconf 73' lang='lat' dir='ltr'>REDACTA</span> <span class='ocrx_word' id='word_1_142' title='bbox 755 2548 762 2562; x_wconf 94' lang='lat'><strong>·</strong></span> <span class='ocrx_word' id='word_1_143' title='bbox 778 2536 815 2576; x_wconf 85' lang='grc' dir='ltr'>ΙΝ</span> <span class='ocrx_word' id='word_1_144' title='bbox 831 2547 838 2562; x_wconf 90' lang='grc'><em>·</em></span> <span class='ocrx_word' id='word_1_145' title='bbox 855 2527 1033 2578; x_wconf 72' lang='lat' dir='ltr'>honestatam</span> <span class='ocrx_word' id='word_1_146' title='bbox 1183 2527 1243 2594; x_wconf 84' lang='lat' dir='ltr'>imp.</span> <span class='ocrx_word' id='word_1_147' title='bbox 1261 2527 1374 2576; x_wconf 78' lang='lat' dir='ltr'>caesaria</span> 
     </span>
     <span class='ocr_line' id='line_1_18' title="bbox 294 2633 1377 2704; baseline 0.003 -16"><span class='ocrx_word' id='word_1_148' title='bbox 294 2647 461 2689; x_wconf 79' lang='lat' dir='ltr'>nvcvsrr</span> <span class='ocrx_word' id='word_1_149' title='bbox 478 2659 486 2677; x_wconf 90' lang='lat'><strong>·</strong></span> <span class='ocrx_word' id='word_1_150' title='bbox 503 2633 717 2704; x_wconf 70' lang='lat' dir='ltr'>rorvlevr.</span> <span class='ocrx_word' id='word_1_151' title='bbox 733 2663 740 2676; x_wconf 90' lang='lat'><strong>·</strong></span> <span class='ocrx_word' id='word_1_152' title='bbox 757 2647 907 2690; x_wconf 79' lang='lat' dir='ltr'>nonani</span> <span class='ocrx_word' id='word_1_153' title='bbox 925 2662 932 2677; x_wconf 87' lang='lat'><strong>·</strong></span> <span class='ocrx_word' id='word_1_154' title='bbox 949 2647 1108 2691; x_wconf 79' lang='lat' dir='ltr'>senarva</span> <span class='ocrx_word' id='word_1_155' title='bbox 1124 2636 1166 2689; x_wconf 70' lang='lat' dir='ltr'>dte</span> <span class='ocrx_word' id='word_1_156' title='bbox 1187 2638 1377 2691; x_wconf 65' lang='lat' dir='ltr'>emanaturum</span> 
     </span>
     <span class='ocr_line' id='line_1_19' title="bbox 296 2750 1377 2822; baseline 0.003 -18"><span class='ocrx_word' id='word_1_157' title='bbox 296 2750 1377 2822; x_wconf 59' lang='lat' dir='ltr'>svrrnrcnrronnsmicans-omns·rnosreraadeogestaset</span> 
     </span>
     <span class='ocr_line' id='line_1_20' title="bbox 302 2869 1291 2924; baseline 0.001 -4"><span class='ocrx_word' id='word_1_158' title='bbox 302 2880 369 2922; x_wconf 84' lang='lat' dir='ltr'>rrsr</span> <span class='ocrx_word' id='word_1_159' title='bbox 435 2893 442 2908; x_wconf 92' lang='lat'><strong>·</strong></span> <span class='ocrx_word' id='word_1_160' title='bbox 508 2882 741 2924; x_wconf 79' lang='lat' dir='ltr'>onunnunra</span> <span class='ocrx_word' id='word_1_161' title='bbox 806 2894 814 2910; x_wconf 94' lang='lat'><strong>·</strong></span> <span class='ocrx_word' id='word_1_162' title='bbox 880 2870 1101 2923; x_wconf 81' lang='lat' dir='ltr'>rnrvurnata&#39;n</span> <span class='ocrx_word' id='word_1_163' title='bbox 1180 2869 1291 2922; x_wconf 71' lang='lat' dir='ltr'>deuenit</span> 
     </span>
    </p>

    <p class='ocr_par' dir='ltr' id='par_1_7' title="bbox 269 2985 1379 3164">
     <span class='ocr_line' id='line_1_21' title="bbox 269 2985 1376 3053; baseline -0.001 -16"><span class='ocrx_word' id='word_1_164' title='bbox 269 2997 343 3038; x_wconf 78' lang='lat' dir='ltr'>rao</span> <span class='ocrx_word' id='word_1_165' title='bbox 365 2997 536 3040; x_wconf 77' lang='lat' dir='ltr'>·cousvr</span> <span class='ocrx_word' id='word_1_166' title='bbox 551 3010 557 3025; x_wconf 91' lang='lat'><strong>·</strong></span> <span class='ocrx_word' id='word_1_167' title='bbox 574 2998 688 3039; x_wconf 79' lang='lat' dir='ltr'>astam</span> <span class='ocrx_word' id='word_1_168' title='bbox 704 3010 712 3026; x_wconf 93' lang='lat'><strong>·</strong></span> <span class='ocrx_word' id='word_1_169' title='bbox 729 2997 974 3040; x_wconf 82' lang='lat' dir='ltr'>raovrncrnrn</span> <span class='ocrx_word' id='word_1_170' title='bbox 991 3023 998 3038; x_wconf 91' lang='lat'><strong><em>.</em></strong></span> <span class='ocrx_word' id='word_1_171' title='bbox 1015 2987 1143 3039; x_wconf 81' lang='lat' dir='ltr'>orttnnit</span> <span class='ocrx_word' id='word_1_172' title='bbox 1159 2985 1261 3050; x_wconf 73' lang='lat' dir='ltr'>legatas</span> <span class='ocrx_word' id='word_1_173' title='bbox 1277 3000 1317 3053; x_wconf 79' lang='lat' dir='ltr'>pr.</span> <span class='ocrx_word' id='word_1_174' title='bbox 1334 3001 1376 3052; x_wconf 81' lang='lat' dir='ltr'>pr.</span> 
     </span>
     <span class='ocr_line' id='line_1_22' title="bbox 295 3092 1379 3164; baseline -0.004 -14"><span class='ocrx_word' id='word_1_175' title='bbox 295 3092 405 3150; x_wconf 82' lang='lat' dir='ltr'>nlvl·</span> <span class='ocrx_word' id='word_1_176' title='bbox 431 3109 598 3152; x_wconf 81' lang='lat' dir='ltr'>nvovsrr</span> <span class='ocrx_word' id='word_1_177' title='bbox 624 3100 760 3151; x_wconf 79' lang='lat' dir='ltr'>irenvn</span> <span class='ocrx_word' id='word_1_178' title='bbox 783 3123 790 3137; x_wconf 91' lang='lat'><strong>·</strong></span> <span class='ocrx_word' id='word_1_179' title='bbox 814 3110 955 3152; x_wconf 82' lang='lat' dir='ltr'>srnrnm</span> <span class='ocrx_word' id='word_1_180' title='bbox 979 3122 986 3136; x_wconf 91' lang='lat'><strong>·</strong></span> <span class='ocrx_word' id='word_1_181' title='bbox 1011 3099 1241 3150; x_wconf 82' lang='lat' dir='ltr'>er·rnocn1&#39;aen</span> <span class='ocrx_word' id='word_1_182' title='bbox 1268 3099 1379 3164; x_wconf 79' lang='lat' dir='ltr'>optinuit</span> 
     </span>
    </p>
   </div>
   <div class='ocr_carea' id='block_1_5' title="bbox 149 3296 1516 4719">
    <p class='ocr_par' dir='ltr' id='par_1_8' title="bbox 149 3296 1516 4719">
     <span class='ocr_line' id='line_1_23' title="bbox 253 3296 1513 3381; baseline -0.002 -22"><span class='ocrx_word' id='word_1_183' title='bbox 253 3298 295 3360; x_wconf 91' lang='lat' dir='ltr'>Ita</span> <span class='ocrx_word' id='word_1_184' title='bbox 323 3300 475 3372; x_wconf 87' lang='lat' dir='ltr'>Quirinius</span> <span class='ocrx_word' id='word_1_185' title='bbox 501 3309 569 3381; x_wconf 90' lang='lat' dir='ltr'>post</span> <span class='ocrx_word' id='word_1_186' title='bbox 595 3310 728 3381; x_wconf 90' lang='lat' dir='ltr'>peractos</span> <span class='ocrx_word' id='word_1_187' title='bbox 757 3300 859 3363; x_wconf 91' lang='lat' dir='ltr'>ordine</span> <span class='ocrx_word' id='word_1_188' title='bbox 889 3300 1018 3361; x_wconf 87' lang='lat' dir='ltr'>minores</span> <span class='ocrx_word' id='word_1_189' title='bbox 1048 3299 1175 3359; x_wconf 89' lang='lat' dir='ltr'>honores</span> <span class='ocrx_word' id='word_1_190' title='bbox 1204 3296 1403 3378; x_wconf 74' lang='grc'><strong>(15555518,</strong></span> <span class='ocrx_word' id='word_1_191' title='bbox 1426 3299 1458 3370; x_wconf 95' lang='grc'>1,</span> <span class='ocrx_word' id='word_1_192' title='bbox 1482 3299 1513 3377; x_wconf 95' lang='grc'>1)</span> 
     </span>
     <span class='ocr_line' id='line_1_24' title="bbox 150 3399 1513 3484; baseline -0.001 -21"><span class='ocrx_word' id='word_1_193' title='bbox 150 3402 319 3481; x_wconf 88' lang='lat' dir='ltr'>praetorios</span> <span class='ocrx_word' id='word_1_194' title='bbox 348 3422 402 3482; x_wconf 89' lang='lat' dir='ltr'>pro</span> <span class='ocrx_word' id='word_1_195' title='bbox 431 3403 552 3464; x_wconf 91' lang='lat' dir='ltr'>consule</span> <span class='ocrx_word' id='word_1_196' title='bbox 575 3403 704 3484; x_wconf 83' lang='lat' dir='ltr'>Cyprum</span> <span class='ocrx_word' id='word_1_197' title='bbox 733 3413 762 3465; x_wconf 90' lang='lat' dir='ltr'>et</span> <span class='ocrx_word' id='word_1_198' title='bbox 784 3406 911 3484; x_wconf 75' lang='lat' dir='ltr'>Cyrenas</span> <span class='ocrx_word' id='word_1_199' title='bbox 940 3402 1156 3464; x_wconf 85' lang='lat' dir='ltr'>administrarit</span> <span class='ocrx_word' id='word_1_200' title='bbox 1179 3401 1259 3462; x_wconf 91' lang='lat' dir='ltr'>etin</span> <span class='ocrx_word' id='word_1_201' title='bbox 1282 3419 1316 3461; x_wconf 90' lang='lat' dir='ltr'>eo</span> <span class='ocrx_word' id='word_1_202' title='bbox 1341 3399 1513 3479; x_wconf 81' lang='lat' dir='ltr'>magistratu</span> 
     </span>
     <span class='ocr_line' id='line_1_25' title="bbox 149 3503 1514 3582; baseline -0.001 -17"><span class='ocrx_word' id='word_1_203' title='bbox 149 3505 343 3566; x_wconf 80' lang='lat' dir='ltr'>Marmaridas</span> <span class='ocrx_word' id='word_1_204' title='bbox 371 3513 401 3567; x_wconf 88' lang='lat' dir='ltr'>et</span> <span class='ocrx_word' id='word_1_205' title='bbox 423 3507 618 3569; x_wconf 88' lang='lat' dir='ltr'>Garamantes</span> <span class='ocrx_word' id='word_1_206' title='bbox 647 3507 770 3569; x_wconf 89' lang='lat' dir='ltr'>domuit.</span> <span class='ocrx_word' id='word_1_207' title='bbox 814 3506 923 3568; x_wconf 85' lang='lat' dir='ltr'>Deinde</span> <span class='ocrx_word' id='word_1_208' title='bbox 945 3525 971 3567; x_wconf 89' lang='lat' dir='ltr'>a.</span> <span class='ocrx_word' id='word_1_209' title='bbox 989 3503 1050 3565; x_wconf 91' lang='grc'>742</span> <span class='ocrx_word' id='word_1_210' title='bbox 1078 3505 1182 3564; x_wconf 86' lang='grc'><strong>555551</strong></span> <span class='ocrx_word' id='word_1_211' title='bbox 1204 3507 1300 3564; x_wconf 83' lang='grc'><strong>155155</strong></span> <span class='ocrx_word' id='word_1_212' title='bbox 1324 3511 1377 3564; x_wconf 86' lang='lat' dir='ltr'>est.</span> <span class='ocrx_word' id='word_1_213' title='bbox 1422 3503 1514 3582; x_wconf 84' lang='lat' dir='ltr'>Lega-</span> 
     </span>
     <span class='ocr_line' id='line_1_26' title="bbox 152 3606 1513 3690; baseline -0.002 -20"><span class='ocrx_word' id='word_1_214' title='bbox 152 3618 203 3670; x_wconf 89' lang='lat' dir='ltr'>tus</span> <span class='ocrx_word' id='word_1_215' title='bbox 225 3609 349 3687; x_wconf 83' lang='lat' dir='ltr'>Augusti</span> <span class='ocrx_word' id='word_1_216' title='bbox 370 3628 424 3688; x_wconf 94' lang='lat' dir='ltr'>pro</span> <span class='ocrx_word' id='word_1_217' title='bbox 446 3618 580 3688; x_wconf 91' lang='lat' dir='ltr'>praetore</span> <span class='ocrx_word' id='word_1_218' title='bbox 604 3609 703 3690; x_wconf 77' lang='lat' dir='ltr'>Syriae</span> <span class='ocrx_word' id='word_1_219' title='bbox 725 3617 755 3671; x_wconf 92' lang='lat' dir='ltr'>et</span> <span class='ocrx_word' id='word_1_220' title='bbox 776 3609 937 3670; x_wconf 88' lang='lat' dir='ltr'>Phoenices</span> <span class='ocrx_word' id='word_1_221' title='bbox 960 3628 985 3670; x_wconf 89' lang='lat' dir='ltr'>a.</span> <span class='ocrx_word' id='word_1_222' title='bbox 1009 3609 1079 3669; x_wconf 93' lang='grc'><strong>751.</strong></span> <span class='ocrx_word' id='word_1_223' title='bbox 1102 3606 1163 3668; x_wconf 92' lang='grc'>752</span> <span class='ocrx_word' id='word_1_224' title='bbox 1186 3606 1460 3668; x_wconf 90' lang='lat' dir='ltr'>Homonadensibus</span> <span class='ocrx_word' id='word_1_225' title='bbox 1483 3607 1513 3667; x_wconf 92' lang='lat' dir='ltr'>in</span> 
     </span>
     <span class='ocr_line' id='line_1_27' title="bbox 150 3708 1515 3793; baseline -0.004 -20"><span class='ocrx_word' id='word_1_226' title='bbox 150 3711 261 3773; x_wconf 88' lang='lat' dir='ltr'>Pisidia</span> <span class='ocrx_word' id='word_1_227' title='bbox 283 3711 367 3772; x_wconf 86' lang='lat' dir='ltr'>victis</span> <span class='ocrx_word' id='word_1_228' title='bbox 390 3712 462 3773; x_wconf 89' lang='lat' dir='ltr'>duas</span> <span class='ocrx_word' id='word_1_229' title='bbox 485 3713 713 3793; x_wconf 83' lang='lat' dir='ltr'>supplicationes</span> <span class='ocrx_word' id='word_1_230' title='bbox 741 3720 772 3772; x_wconf 90' lang='lat' dir='ltr'>et</span> <span class='ocrx_word' id='word_1_231' title='bbox 794 3719 966 3773; x_wconf 91' lang='lat' dir='ltr'>ornamenta</span> <span class='ocrx_word' id='word_1_232' title='bbox 989 3709 1177 3790; x_wconf 85' lang='lat' dir='ltr'>triumphalia</span> <span class='ocrx_word' id='word_1_233' title='bbox 1202 3709 1317 3770; x_wconf 89' lang='lat' dir='ltr'>meruit.</span> <span class='ocrx_word' id='word_1_234' title='bbox 1361 3708 1420 3769; x_wconf 89' lang='lat' dir='ltr'>Pro</span> <span class='ocrx_word' id='word_1_235' title='bbox 1443 3726 1515 3769; x_wconf 88' lang='grc'><strong>555-</strong></span> 
     </span>
     <span class='ocr_line' id='line_1_28' title="bbox 155 3811 1513 3895; baseline -0.004 -19"><span class='ocrx_word' id='word_1_236' title='bbox 155 3815 221 3876; x_wconf 83' lang='lat' dir='ltr'>aule</span> <span class='ocrx_word' id='word_1_237' title='bbox 242 3813 340 3875; x_wconf 81' lang='lat' dir='ltr'>haiam</span> <span class='ocrx_word' id='word_1_238' title='bbox 364 3813 493 3875; x_wconf 92' lang='lat' dir='ltr'>obtinuit</span> <span class='ocrx_word' id='word_1_239' title='bbox 514 3823 565 3875; x_wconf 92' lang='lat' dir='ltr'>aut</span> <span class='ocrx_word' id='word_1_240' title='bbox 586 3834 612 3876; x_wconf 89' lang='lat' dir='ltr'>a.</span> <span class='ocrx_word' id='word_1_241' title='bbox 628 3813 688 3874; x_wconf 88' lang='grc'>753</span> <span class='ocrx_word' id='word_1_242' title='bbox 712 3823 764 3875; x_wconf 89' lang='lat' dir='ltr'>aut</span> <span class='ocrx_word' id='word_1_243' title='bbox 786 3814 885 3895; x_wconf 91' lang='lat' dir='ltr'>potius</span> <span class='ocrx_word' id='word_1_244' title='bbox 907 3833 999 3894; x_wconf 91' lang='lat' dir='ltr'>pera.</span> <span class='ocrx_word' id='word_1_245' title='bbox 1017 3813 1199 3884; x_wconf 73' lang='lat' dir='ltr'>tae-758,</span> <span class='ocrx_word' id='word_1_246' title='bbox 1221 3811 1371 3892; x_wconf 93' lang='lat' dir='ltr'>probabile</span> <span class='ocrx_word' id='word_1_247' title='bbox 1385 3819 1432 3872; x_wconf 85' lang='lat' dir='ltr'>est</span> <span class='ocrx_word' id='word_1_248' title='bbox 1445 3829 1513 3872; x_wconf 92' lang='lat' dir='ltr'>eum</span> 
     </span>
     <span class='ocr_line' id='line_1_29' title="bbox 149 3912 1512 3997; baseline -0.003 -18"><span class='ocrx_word' id='word_1_249' title='bbox 149 3937 186 3979; x_wconf 89' lang='lat' dir='ltr'>eo</span> <span class='ocrx_word' id='word_1_250' title='bbox 217 3918 341 3978; x_wconf 86' lang='lat' dir='ltr'>missum</span> <span class='ocrx_word' id='word_1_251' title='bbox 370 3935 444 3990; x_wconf 88' lang='lat' dir='ltr'>esse,</span> <span class='ocrx_word' id='word_1_252' title='bbox 468 3925 501 3978; x_wconf 93' lang='lat' dir='ltr'>ut</span> <span class='ocrx_word' id='word_1_253' title='bbox 522 3917 763 3997; x_wconf 77' lang='lat' dir='ltr'>proconsulatum</span> <span class='ocrx_word' id='word_1_254' title='bbox 787 3917 881 3978; x_wconf 94' lang='lat' dir='ltr'>obiret</span> <span class='ocrx_word' id='word_1_255' title='bbox 903 3935 957 3996; x_wconf 90' lang='lat' dir='ltr'>per</span> <span class='ocrx_word' id='word_1_256' title='bbox 979 3935 1004 3978; x_wconf 93' lang='grc'>5.</span> <span class='ocrx_word' id='word_1_257' title='bbox 1022 3912 1115 3980; x_wconf 85' lang='grc'><strong>755(6</strong></span> <span class='ocrx_word' id='word_1_258' title='bbox 1138 3916 1219 3978; x_wconf 83' lang='grc'><strong>5115</strong></span> <span class='ocrx_word' id='word_1_259' title='bbox 1241 3915 1345 3976; x_wconf 90' lang='lat' dir='ltr'>itinere</span> <span class='ocrx_word' id='word_1_260' title='bbox 1362 3913 1512 3975; x_wconf 89' lang='lat' dir='ltr'>Tiberium</span> 
     </span>
     <span class='ocr_line' id='line_1_30' title="bbox 151 4017 1515 4100; baseline -0.003 -19"><span class='ocrx_word' id='word_1_261' title='bbox 151 4019 251 4082; x_wconf 85' lang='lat' dir='ltr'>Rhodi</span> <span class='ocrx_word' id='word_1_262' title='bbox 273 4020 407 4080; x_wconf 89' lang='lat' dir='ltr'>coluisse.</span> <span class='ocrx_word' id='word_1_263' title='bbox 445 4019 527 4080; x_wconf 88' lang='lat' dir='ltr'>Circa</span> <span class='ocrx_word' id='word_1_264' title='bbox 542 4039 568 4080; x_wconf 90' lang='lat' dir='ltr'>a.</span> <span class='ocrx_word' id='word_1_265' title='bbox 587 4020 756 4080; x_wconf 90' lang='grc'><strong>755-757</strong></span> <span class='ocrx_word' id='word_1_266' title='bbox 779 4019 932 4080; x_wconf 72' lang='lat' dir='ltr'>Aemiliam</span> <span class='ocrx_word' id='word_1_267' title='bbox 956 4019 1093 4100; x_wconf 89' lang='lat' dir='ltr'>Lepidam</span> <span class='ocrx_word' id='word_1_268' title='bbox 1117 4038 1238 4080; x_wconf 86' lang='lat' dir='ltr'>uxorem</span> <span class='ocrx_word' id='word_1_269' title='bbox 1262 4017 1354 4090; x_wconf 80' lang='lat' dir='ltr'>duxit,</span> <span class='ocrx_word' id='word_1_270' title='bbox 1378 4017 1425 4078; x_wconf 88' lang='lat' dir='ltr'>cui</span> <span class='ocrx_word' id='word_1_271' title='bbox 1446 4035 1515 4078; x_wconf 87' lang='lat' dir='ltr'>mox</span> 
     </span>
     <span class='ocr_line' id='line_1_31' title="bbox 152 4119 1515 4203; baseline -0.003 -19"><span class='ocrx_word' id='word_1_272' title='bbox 152 4122 310 4203; x_wconf 88' lang='lat' dir='ltr'>repudium</span> <span class='ocrx_word' id='word_1_273' title='bbox 340 4121 421 4183; x_wconf 91' lang='lat' dir='ltr'>misit</span> <span class='ocrx_word' id='word_1_274' title='bbox 443 4122 481 4182; x_wconf 97' lang='lat' dir='ltr'>ob</span> <span class='ocrx_word' id='word_1_275' title='bbox 503 4129 620 4201; x_wconf 90' lang='lat' dir='ltr'>partum</span> <span class='ocrx_word' id='word_1_276' title='bbox 645 4122 833 4203; x_wconf 93' lang='lat' dir='ltr'>suppositum</span> <span class='ocrx_word' id='word_1_277' title='bbox 856 4121 937 4201; x_wconf 82' lang='lat' dir='ltr'>(Tac.</span> <span class='ocrx_word' id='word_1_278' title='bbox 957 4141 1026 4182; x_wconf 92' lang='lat' dir='ltr'>ann.</span> <span class='ocrx_word' id='word_1_279' title='bbox 1049 4122 1077 4195; x_wconf 85' lang='lat'>3,</span> <span class='ocrx_word' id='word_1_280' title='bbox 1099 4121 1150 4182; x_wconf 92' lang='grc'><strong>22.</strong></span> <span class='ocrx_word' id='word_1_281' title='bbox 1172 4122 1230 4194; x_wconf 83' lang='grc'>23;</span> <span class='ocrx_word' id='word_1_282' title='bbox 1264 4123 1343 4183; x_wconf 89' lang='lat' dir='ltr'>Suet.</span> <span class='ocrx_word' id='word_1_283' title='bbox 1366 4119 1429 4182; x_wconf 83' lang='lat' dir='ltr'>Tib.</span> <span class='ocrx_word' id='word_1_284' title='bbox 1451 4119 1515 4196; x_wconf 89' lang='grc'><strong>49).</strong></span> 
     </span>
     <span class='ocr_line' id='line_1_32' title="bbox 154 4222 1516 4306; baseline -0.001 -20"><span class='ocrx_word' id='word_1_285' title='bbox 154 4227 189 4286; x_wconf 87' lang='lat' dir='ltr'>d.</span> <span class='ocrx_word' id='word_1_286' title='bbox 208 4225 269 4286; x_wconf 89' lang='grc'>756</span> <span class='ocrx_word' id='word_1_287' title='bbox 291 4244 346 4306; x_wconf 92' lang='lat' dir='ltr'>pro</span> <span class='ocrx_word' id='word_1_288' title='bbox 368 4234 482 4286; x_wconf 90' lang='lat' dir='ltr'>rectore</span> <span class='ocrx_word' id='word_1_289' title='bbox 504 4244 572 4286; x_wconf 92' lang='lat' dir='ltr'>cum</span> <span class='ocrx_word' id='word_1_290' title='bbox 596 4225 627 4286; x_wconf 84' lang='lat' dir='ltr'>C.</span> <span class='ocrx_word' id='word_1_291' title='bbox 643 4225 764 4286; x_wconf 88' lang='lat' dir='ltr'>Caesare</span> <span class='ocrx_word' id='word_1_292' title='bbox 790 4224 822 4285; x_wconf 96' lang='lat' dir='ltr'>in</span> <span class='ocrx_word' id='word_1_293' title='bbox 844 4224 982 4286; x_wconf 82' lang='lat' dir='ltr'>hrmenia</span> <span class='ocrx_word' id='word_1_294' title='bbox 1004 4225 1068 4286; x_wconf 90' lang='lat' dir='ltr'>luit.</span> <span class='ocrx_word' id='word_1_295' title='bbox 1100 4225 1142 4285; x_wconf 85' lang='lat' dir='ltr'>Ex</span> <span class='ocrx_word' id='word_1_296' title='bbox 1165 4243 1191 4285; x_wconf 92' lang='lat' dir='ltr'>a.</span> <span class='ocrx_word' id='word_1_297' title='bbox 1208 4225 1269 4286; x_wconf 88' lang='grc'><strong>759</strong></span> <span class='ocrx_word' id='word_1_298' title='bbox 1291 4223 1399 4284; x_wconf 90' lang='lat' dir='ltr'>iterum</span> <span class='ocrx_word' id='word_1_299' title='bbox 1417 4222 1516 4304; x_wconf 79' lang='lat' dir='ltr'>Syriae</span> 
     </span>
     <span class='ocr_line' id='line_1_33' title="bbox 149 4326 1516 4408; baseline -0.002 -18"><span class='ocrx_word' id='word_1_300' title='bbox 149 4337 253 4408; x_wconf 81' lang='lat' dir='ltr'>egatus</span> <span class='ocrx_word' id='word_1_301' title='bbox 280 4329 414 4408; x_wconf 80' lang='lat' dir='ltr'>praefuit.</span> <span class='ocrx_word' id='word_1_302' title='bbox 458 4331 491 4389; x_wconf 82' lang='lat' dir='ltr'>h.</span> <span class='ocrx_word' id='word_1_303' title='bbox 515 4329 576 4391; x_wconf 88' lang='grc'>769</span> <span class='ocrx_word' id='word_1_304' title='bbox 603 4328 634 4387; x_wconf 95' lang='lat' dir='ltr'>in</span> <span class='ocrx_word' id='word_1_305' title='bbox 675 4326 747 4387; x_wconf 90' lang='lat' dir='ltr'>urbe</span> <span class='ocrx_word' id='word_1_306' title='bbox 776 4327 832 4388; x_wconf 91' lang='lat' dir='ltr'>luit</span> <span class='ocrx_word' id='word_1_307' title='bbox 862 4335 892 4388; x_wconf 90' lang='lat' dir='ltr'>et</span> <span class='ocrx_word' id='word_1_308' title='bbox 917 4347 970 4407; x_wconf 90' lang='lat' dir='ltr'>per</span> <span class='ocrx_word' id='word_1_309' title='bbox 997 4346 1065 4389; x_wconf 92' lang='lat' dir='ltr'>eum</span> <span class='ocrx_word' id='word_1_310' title='bbox 1093 4327 1131 4388; x_wconf 90' lang='grc' dir='ltr'><strong>Μ.</strong></span> <span class='ocrx_word' id='word_1_311' title='bbox 1153 4327 1266 4388; x_wconf 87' lang='lat' dir='ltr'>Drusus</span> <span class='ocrx_word' id='word_1_312' title='bbox 1293 4327 1366 4388; x_wconf 91' lang='lat' dir='ltr'>Libo</span> <span class='ocrx_word' id='word_1_313' title='bbox 1393 4326 1516 4407; x_wconf 91' lang='lat' dir='ltr'>propin·</span> 
     </span>
     <span class='ocr_line' id='line_1_34' title="bbox 152 4427 1516 4512; baseline -0.002 -19"><span class='ocrx_word' id='word_1_314' title='bbox 152 4451 232 4511; x_wconf 90' lang='lat' dir='ltr'>quus</span> <span class='ocrx_word' id='word_1_315' title='bbox 259 4431 286 4491; x_wconf 91' lang='lat' dir='ltr'>ei</span> <span class='ocrx_word' id='word_1_316' title='bbox 313 4435 378 4511; x_wconf 92' lang='lat' dir='ltr'>(per</span> <span class='ocrx_word' id='word_1_317' title='bbox 406 4450 525 4493; x_wconf 81' lang='lat' dir='ltr'>uxorem</span> <span class='ocrx_word' id='word_1_318' title='bbox 555 4429 712 4511; x_wconf 91' lang='lat' dir='ltr'>Lepidam,</span> <span class='ocrx_word' id='word_1_319' title='bbox 741 4449 767 4490; x_wconf 87' lang='lat' dir='ltr'>r.</span> <span class='ocrx_word' id='word_1_320' title='bbox 789 4436 861 4492; x_wconf 75' lang='lat' dir='ltr'>rom.</span> <span class='ocrx_word' id='word_1_321' title='bbox 885 4431 1066 4492; x_wconf 81' lang='lat' dir='ltr'>Mttnzaoeaen</span> <span class='ocrx_word' id='word_1_322' title='bbox 1092 4449 1120 4512; x_wconf 94' lang='lat' dir='ltr'>p.</span> <span class='ocrx_word' id='word_1_323' title='bbox 1137 4429 1198 4491; x_wconf 85' lang='lat'>633</span> <span class='ocrx_word' id='word_1_324' title='bbox 1222 4449 1252 4490; x_wconf 93' lang='grc'>5.</span> <span class='ocrx_word' id='word_1_325' title='bbox 1274 4427 1348 4505; x_wconf 89' lang='grc'><strong>484)</strong></span> <span class='ocrx_word' id='word_1_326' title='bbox 1371 4437 1516 4490; x_wconf 81' lang='lat' dir='ltr'>extremas</span> 
     </span>
     <span class='ocr_line' id='line_1_35' title="bbox 152 4531 1516 4615; baseline -0.001 -19"><span class='ocrx_word' id='word_1_327' title='bbox 152 4553 257 4615; x_wconf 89' lang='lat' dir='ltr'>preces</span> <span class='ocrx_word' id='word_1_328' title='bbox 285 4534 320 4594; x_wconf 93' lang='lat' dir='ltr'>ad</span> <span class='ocrx_word' id='word_1_329' title='bbox 344 4534 505 4614; x_wconf 90' lang='lat' dir='ltr'>prinoipem</span> <span class='ocrx_word' id='word_1_330' title='bbox 530 4535 678 4595; x_wconf 82' lang='lat' dir='ltr'>mandarit</span> <span class='ocrx_word' id='word_1_331' title='bbox 700 4533 779 4609; x_wconf 83' lang='lat' dir='ltr'>(Tae.</span> <span class='ocrx_word' id='word_1_332' title='bbox 801 4553 868 4596; x_wconf 89' lang='lat' dir='ltr'>ann.</span> <span class='ocrx_word' id='word_1_333' title='bbox 891 4534 919 4608; x_wconf 89' lang='grc'>2,</span> <span class='ocrx_word' id='word_1_334' title='bbox 941 4533 1004 4613; x_wconf 87' lang='grc'><strong>36).</strong></span> <span class='ocrx_word' id='word_1_335' title='bbox 1048 4535 1123 4596; x_wconf 88' lang='lat' dir='ltr'>item</span> <span class='ocrx_word' id='word_1_336' title='bbox 1146 4553 1171 4594; x_wconf 90' lang='grc'>5.</span> <span class='ocrx_word' id='word_1_337' title='bbox 1188 4532 1249 4593; x_wconf 88' lang='grc'>773</span> <span class='ocrx_word' id='word_1_338' title='bbox 1272 4531 1407 4593; x_wconf 88' lang='lat' dir='ltr'>interfuit</span> <span class='ocrx_word' id='word_1_339' title='bbox 1429 4551 1516 4594; x_wconf 87' lang='lat' dir='ltr'>accu-</span> 
     </span>
     <span class='ocr_line' id='line_1_36' title="bbox 153 4635 1515 4719; baseline -0.002 -20"><span class='ocrx_word' id='word_1_340' title='bbox 153 4637 261 4699; x_wconf 84' lang='lat' dir='ltr'>sationi</span> <span class='ocrx_word' id='word_1_341' title='bbox 276 4636 402 4717; x_wconf 85' lang='lat' dir='ltr'>Lepidae</span> <span class='ocrx_word' id='word_1_342' title='bbox 424 4638 574 4717; x_wconf 90' lang='lat' dir='ltr'>quondam</span> <span class='ocrx_word' id='word_1_343' title='bbox 598 4638 697 4700; x_wconf 82' lang='lat' dir='ltr'>uxoris</span> <span class='ocrx_word' id='word_1_344' title='bbox 720 4646 840 4719; x_wconf 89' lang='lat' dir='ltr'>propter</span> <span class='ocrx_word' id='word_1_345' title='bbox 862 4637 974 4699; x_wconf 87' lang='lat' dir='ltr'>crimen</span> <span class='ocrx_word' id='word_1_346' title='bbox 997 4637 1067 4699; x_wconf 94' lang='lat' dir='ltr'>illud</span> <span class='ocrx_word' id='word_1_347' title='bbox 1091 4637 1161 4698; x_wconf 92' lang='lat' dir='ltr'>olim</span> <span class='ocrx_word' id='word_1_348' title='bbox 1183 4637 1377 4697; x_wconf 87' lang='lat' dir='ltr'>commissum</span> <span class='ocrx_word' id='word_1_349' title='bbox 1402 4635 1481 4713; x_wconf 84' lang='lat' dir='ltr'>(Tac.</span> <span class='ocrx_word' id='word_1_350' title='bbox 1497 4637 1515 4697; x_wconf 93' lang='lat' dir='ltr'>l.</span> 
     </span>
    </p>
   </div>
   <div class='ocr_carea' id='block_1_6' title="bbox 154 4738 1516 4894">
    <p class='ocr_par' dir='ltr' id='par_1_9' title="bbox 154 4738 1516 4894">
     <span class='ocr_line' id='line_1_37' title="bbox 154 4738 1516 4820; baseline -0.001 -19"><span class='ocrx_word' id='word_1_351' title='bbox 154 4761 196 4814; x_wconf 86' lang='lat' dir='ltr'>c.;</span> <span class='ocrx_word' id='word_1_352' title='bbox 228 4743 309 4802; x_wconf 89' lang='lat' dir='ltr'>Suet.</span> <span class='ocrx_word' id='word_1_353' title='bbox 325 4741 344 4800; x_wconf 93' lang='lat' dir='ltr'>l.</span> <span class='ocrx_word' id='word_1_354' title='bbox 360 4741 410 4820; x_wconf 90' lang='grc'><strong>5.).</strong></span> <span class='ocrx_word' id='word_1_355' title='bbox 454 4743 551 4804; x_wconf 83' lang='lat' dir='ltr'>Senex</span> <span class='ocrx_word' id='word_1_356' title='bbox 577 4762 603 4804; x_wconf 89' lang='lat' dir='ltr'>a.</span> <span class='ocrx_word' id='word_1_357' title='bbox 627 4743 689 4802; x_wconf 91' lang='grc'>774</span> <span class='ocrx_word' id='word_1_358' title='bbox 717 4740 793 4803; x_wconf 91' lang='lat' dir='ltr'>diem</span> <span class='ocrx_word' id='word_1_359' title='bbox 823 4740 896 4802; x_wconf 89' lang='lat' dir='ltr'>obiit</span> <span class='ocrx_word' id='word_1_360' title='bbox 923 4749 953 4801; x_wconf 92' lang='lat' dir='ltr'>et</span> <span class='ocrx_word' id='word_1_361' title='bbox 975 4739 1091 4819; x_wconf 87' lang='lat' dir='ltr'>publice</span> <span class='ocrx_word' id='word_1_362' title='bbox 1118 4739 1211 4801; x_wconf 88' lang='lat' dir='ltr'>elatus</span> <span class='ocrx_word' id='word_1_363' title='bbox 1234 4747 1279 4800; x_wconf 90' lang='lat' dir='ltr'>est</span> <span class='ocrx_word' id='word_1_364' title='bbox 1300 4739 1381 4820; x_wconf 84' lang='lat' dir='ltr'>(Tac.</span> <span class='ocrx_word' id='word_1_365' title='bbox 1402 4757 1471 4801; x_wconf 90' lang='lat' dir='ltr'>ann.</span> <span class='ocrx_word' id='word_1_366' title='bbox 1487 4738 1516 4812; x_wconf 87' lang='grc'>3,</span> 
     </span>
     <span class='ocr_line' id='line_1_38' title="bbox 1326 4841 1358 4894; baseline 0.031 -1"><span class='ocrx_word' id='word_1_367' title='bbox 1326 4841 1358 4894; x_wconf 87' lang='grc'>12</span> 
     </span>
    </p>
   </div>
   <div class='ocr_carea' id='block_1_7' title="bbox 0 0 1775 5417">
    <p class='ocr_par' dir='ltr' id='par_1_10' title="bbox 0 0 1775 5417">
     <span class='ocr_line' id='line_1_39' title="bbox 0 0 1775 5417; baseline 0 0"><span class='ocrx_word' id='word_1_368' title='bbox 0 0 1775 5417; x_wconf 95' lang='lat' dir='ltr'> </span> 
     </span>
    </p>
   </div>
  </div>
 </body>
</html>
