3525 5417
284 335 347 401 130
873 332 907 400 V,
926 335 1031 390 44-49

280 513 509 588 τοιοῦτος
532 514 609 578 καθ’
633 509 717 597 ήμᾶς
741 513 782 587 (id
803 523 849 575 est
870 522 938 594 post
959 533 985 575 a.
1010 533 1037 575 u.
1060 534 1085 575 c.
1108 513 1183 588 690,
1208 516 1244 575 ci.
1267 513 1353 576 Niese
1376 513 1405 575 in
1428 515 1554 576 Hermae
1578 517 1634 576 vol.

282 620 320 681 13
344 639 371 701 p.
388 620 428 682 33
444 621 518 700 seq.)
540 615 557 682 ὁ
580 619 626 703 τῷ
642 618 830 700 Βυρεβίστᾳ
851 613 1026 688 θεσπίζων
1043 619 1220 690 Δεκαίνεος
1242 625 1272 679 et
1299 619 1327 690 7,
1345 618 1374 692 3,
1391 620 1409 680 5
1431 638 1460 699 p.
1476 617 1557 680 298:
1581 613 1636 680 ὅτε

280 725 483 805 Βυρεβίστας
511 717 587 806 ήρχε
608 723 673 785 τῶν
697 719 819 795 Γετῶν,
848 718 900 802 ἐφ’
923 715 961 783 ὃν
982 715 1043 804 ήδη
1062 716 1332 803 παρεσκευάσατο
1360 717 1530 804 Καίσαρά
1553 721 1638 794 θεὸς

280 821 478 908 στρατεύειν,
497 821 674 898 Δεκαίνεος
696 825 763 902 είχε
784 821 905 907 ταύτην
919 821 977 907 τήν
992 821 1090 908 τιμήν
1104 825 1163 902 (dei
1179 824 1300 899 scilicet)
1318 834 1348 886 et
1363 825 1391 899 7,
1408 824 1437 899 3,
1457 827 1493 886 11
1511 845 1539 906 p.
1557 825 1635 887 303:

277 929 343 991 τῶν
371 928 408 992 δὲ
438 929 544 992 Γετῶν
572 928 613 990 τὰ
640 927 700 1010 μὲν
728 923 856 990 παλαιά
882 923 1060 1011 ἀφείσθω,
1087 928 1128 990 τὰ
1156 927 1185 991 δ’
1212 927 1260 1001 εἷς
1280 923 1376 1012 ’ἡμᾶς
1405 925 1467 1012 ήδη
1496 929 1637 991 τοιαῦτα

278 1028 411 1116 ὑπήρξ.
446 1035 665 1115 Βοιρεβίστας
688 1027 768 1114 ἀνήρ
793 1033 822 1093 Γ
820 1032 892 1114 έιης
914 1030 1053 1106 ἐπιστὰς
1074 1025 1133 1095 ἐπὶ
1150 1029 1210 1116 τήν
1223 1030 1282 1094 τοῦ
1297 1029 1417 1106 ἔθνους
1431 1031 1636 1097 ἐπιστασίαν

278 1133 417 1217 ἀνέλαβε
436 1137 678 1217 κεκακωμένους
700 1131 775 1207 τούς
798 1127 1000 1216 ἀνθρώπους
1021 1130 1088 1200 ὑπὸ
1113 1135 1238 1214 συχνῶν
1261 1133 1418 1218 πολέμων
1438 1136 1495 1198 καὶ
1518 1139 1638 1199 coccis

277 1264 334 1305 ccv
366 1239 486 1324 ἕπήρεν
519 1233 657 1322 ἀσκήσει
690 1236 745 1299 καὶ
774 1233 874 1319 νήψει
901 1235 957 1298 καὶ
984 1238 1029 1320 τῷ
1057 1239 1233 1320 προσέχειν
1265 1249 1335 1312 τοῖς
1367 1236 1637 1322 προστάγμασιν,

278 1342 355 1407 ὥστ’
378 1341 498 1423 ὀλίγων
521 1343 602 1406 ἐτῶν
623 1337 766 1425 μεγάλην
789 1335 889 1422 ἀρχήν
912 1337 1131 1423 κατεστήσατο
1153 1340 1208 1402 καὶ
1224 1342 1290 1404 τῶν
1303 1339 1435 1425 ὁμόρων
1448 1343 1524 1417 τοτ”ς
1540 1343 1637 1407 πλεί-

278 1462 373 1519 στους
395 1440 537 1516 ὑπέταξε
558 1453 628 1517 τοῖς
646 1443 771 1517 Γέταις.
808 1441 867 1526 ήδη
891 1443 928 1507 δὲ
950 1443 1004 1506 καὶ
1025 1440 1199 1526 Ῥωμαίοις
1218 1445 1360 1529 φοβερὸς
1374 1441 1428 1529 ήν,
1450 1445 1639 1529 διαβαίνων

277 1544 380 1621 ἀδεῶς
411 1544 605 1629 τὸνἽοτρον
633 1545 689 1609 καὶ
717 1545 774 1630 τήν
797 1545 931 1632 Θρᾴκην
952 1545 1119 1630 λεηλατεῖν
1141 1549 1190 1629 (ci.
1215 1549 1336 1612 Sueten.
1358 1550 1431 1631 Aug.
1456 1549 1512 1612 44:
1540 1552 1637 1616 Dacos

276 1658 326 1734 atti
349 1672 378 1714 sc
404 1651 579 1714 aaronica
606 1661 633 1714 ct
656 1650 806 1714 ibraciom
827 1653 999 1734 effoderant)
1028 1654 1122 1734 μέχρι
1148 1651 1360 1727 Μακεδονίας
1382 1652 1438 1716 καὶ
1460 1655 1517 1737 τής
1536 1647 1636 1718 Ἰλλυ-

277 1753 384 1837 ρίδος,
419 1752 494 1827 τούς
524 1776 560 1816 τε
592 1751 732 1827 Κελτούς
766 1749 841 1828 τούς
868 1750 1151 1838 ἀναμεμιγμένους
1177 1765 1248 1830 τοῖς
1274 1779 1308 1818 τε
1339 1756 1445 1839 Θρᾳξὶ
1473 1758 1529 1822 καὶ
1561 1769 1636 1833 τοῖς

272 1854 445 1939 Ἰλλυριοῖς
467 1848 684 1938 ἐξεπόρθησε,
708 1860 831 1932 Βοίους
853 1857 890 1921 δὲ
913 1857 968 1920 καὶ
992 1856 1095 1942 ἄρδην
1109 1855 1253 1942 ἠφάνισε
1267 1859 1343 1934 τοὺς
1357 1855 1423 1923 ὑπὸ
1445 1865 1635 1947 Κριτασίρῳ

278 1962 332 2022 καὶ
353 1962 555 2042 Ταυρίσκους
650 1955 668 2024 ὁ
690 1959 751 2042 μὲν
773 1955 831 2024 οὖν
854 1964 1074 2044 Βοιρεβίστας
1096 1961 1186 2045 ἔφθη
1210 1961 1409 2038 καταλυθείς
1424 1959 1632 2029 ἐπαναστάν-

275 2086 341 2126 των
367 2059 454 2147 aiva
476 2084 575 2126 τινων
596 2062 678 2145 πρὶν
704 2087 723 2146 η
743 2060 923 2146 Ῥωμαίους
946 2064 1073 2128 στεῖλαι
1097 2068 1272 2147 στρατείαν
1295 2065 1349 2130 ἐπ’
1372 2063 1480 2132 αὐτόν.
1512 2069 1556 2130 Ad
1578 2089 1633 2130 ex-

274 2168 452 2249 peditionem
483 2176 584 2229 contra
606 2167 698 2229 Dacos
720 2168 902 2249 Parthosque
925 2187 991 2232 cam
1016 2169 1120 2230 Caesar
1142 2188 1313 2248 egressurus
1336 2179 1427 2242 esset,
1457 2172 1632 2234 interiectus

273 2280 319 2333 est
347 2270 508 2352 (Appianas
536 2271 564 2332 b.
586 2291 610 2333 c.
633 2271 759 2346 2,116.
783 2271 820 2341 3,
842 2271 891 2332 25.
919 2271 969 2331 37.
1008 2271 1084 2352 illyr.
1110 2272 1164 2346 133
1192 2273 1312 2334 Sueten.
1335 2273 1416 2336 Caes.
1432 2277 1483 2349 44,
1506 2278 1578 2356 Aug.
1597 2277 1632 2349 8,

273 2375 343 2436 Veli.
360 2374 388 2448 2,
410 2376 464 2449 59;
491 2374 551 2436 Liv.
576 2374 651 2443 117;
674 2375 825 2436 Drumann
847 2374 866 2436 3
890 2395 918 2456 p.
937 2373 1026 2456 678);
1059 2384 1088 2437 at
1111 2375 1259 2437 inlocum
1283 2378 1346 2440 eius
1369 2379 1529 2440 succedens
1551 2379 1631 2440 sdins

274 2477 396 2540 sublatis
423 2478 581 2540 coniuratis
608 2480 756 2559 Sextoque
785 2478 926 2558 Pompeio
955 2497 1044 2558 quam
1075 2479 1204 2559 primum
1232 2481 1342 2560 potuit,
1370 2482 1480 2544 scilieet
1507 2501 1533 2543 a.
1557 2483 1630 2552 719,

272 2582 418 2662 illyricum
445 2582 595 2662 ingressus
622 2591 690 2663 post
716 2581 844 2642 devictos
865 2581 1034 2643 Pannonios
1057 2583 1206 2661 Segestam
1230 2583 1289 2644 sive
1313 2583 1435 2646 Sisciam
1459 2586 1494 2646 ad
1519 2587 1630 2646 Sarum

270 2693 424 2766 propterea
447 2686 572 2748 maxime
596 2685 703 2747 dicitur
723 2684 921 2764 occupavisse,
944 2694 978 2746 ut
998 2684 1066 2746 inde
1082 2686 1289 2765 aggrederetur
1310 2687 1402 2750 Dacos
1425 2698 1455 2751 et
1471 2688 1630 2750 Bastarnas

274 2788 409 2868 (Appian.
431 2789 508 2870 illyr.
524 2789 575 2848 22.
591 2787 654 2862 23).
700 2788 820 2850 Timens
842 2797 939 2850 autem
964 2788 1020 2850 sibi
1041 2788 1078 2850 ab
1100 2789 1228 2850 Antonio
1251 2791 1380 2853 Cotisoni
1402 2793 1543 2854 Getarum
1566 2793 1631 2872 regi

271 2891 359 2951 filiam
383 2891 485 2953 Iuliam
507 2891 695 2972 despondisse
711 2891 817 2953 dicitur
838 2893 960 2972 eiusque
982 2892 1070 2954 titiam
1092 2911 1195 2954 rursus
1216 2893 1246 2954 in
1268 2894 1490 2956 matrimonium
1506 2895 1628 2976 petiisse

271 3012 296 3053 c.
312 3012 337 3054 a.
360 2994 421 3056 720
445 2995 539 3068 (Suet.
562 2995 638 3074 dag.
655 2993 725 3074 63);
758 2997 838 3075 qaod
867 2995 966 3058 Cotiso
994 3004 1167 3077 aspernatus
1194 2995 1339 3074 (Frontin.
1369 3007 1451 3060 strat.
1482 3000 1510 3072 1,
1528 2999 1576 3072 10,
1594 3000 1628 3078 4)

270 3097 388 3158 Antonii
417 3106 515 3178 partes
541 3107 660 3160 secutus
689 3104 735 3159 est
756 3094 822 3173 (Dio
845 3097 895 3168 51,
912 3094 953 3154 22
975 3097 1011 3155 ci.
1036 3095 1086 3168 50,
1102 3095 1143 3168 6).
1193 3094 1301 3157 Eodem
1325 3097 1401 3158 redit
1422 3098 1501 3177 quod
1525 3097 1628 3158 scribit

269 3198 443 3261 Plutarchus
470 3201 593 3262 411663
624 3201 659 3262 dc
680 3199 821 3261 Antonio:
851 3199 905 3260 καὶ
932 3198 994 3280 γὰρ
1019 3195 1166 3280 Δικόμης
1195 3193 1212 3259 ὁ
1242 3199 1349 3260 Γετῶν
1371 3197 1526 3279 βασιλευς
1548 3193 1626 3262 ὑπι-

271 3312 400 3380 σχνεῖτο
423 3301 530 3391 πολλή
552 3305 690 3385 στρατιᾷ
711 3299 913 3385 βοηθήσειν,
937 3302 997 3363 sire
1019 3321 1126 3374 nomen
1149 3311 1321 3382 corruptum
1345 3313 1391 3364 est
1411 3302 1472 3364 sive
1495 3301 1626 3366 Cotisoni
1746 3347 1747 3360 ,

270 3406 432 3468 adiutorem
455 3408 518 3468 eius
540 3416 689 3488 praeterea
711 3407 844 3485 ignotum
868 3404 994 3484 scriptor
1016 3404 1177 3466 substituit.
1215 3404 1297 3466 Unde
1320 3423 1372 3486 per
1393 3406 1504 3468 bellum
1527 3407 1625 3468 Actia-

270 3531 337 3574 cum
366 3513 530 3574 timuerunt
555 3513 619 3573 itali
642 3510 775 3572 homines
797 3527 857 3570 non
881 3507 973 3587 magis
995 3509 1117 3569 classem
1141 3509 1343 3590 Aegyptiacam
1365 3531 1454 3591 quam
1477 3512 1625 3574 incursio-

270 3635 337 3677 nem
360 3616 514 3690 Dacorum,
538 3616 614 3677 sicut
636 3623 757 3697 apparet
777 3633 813 3674 ex
832 3613 959 3692 Vergilio
979 3611 1010 3673 in
1034 3612 1174 3692 georgicis
1197 3613 1337 3676 absolutis
1359 3635 1384 3675 a.
1401 3614 1462 3675 724
1486 3615 1529 3694 (2,
1547 3617 1624 3677 497;
1746 3597 1747 3672 i

269 3725 416 3783 coniurato
439 3722 608 3783 descendens
622 3719 717 3782 Dacas
730 3719 766 3780 ab
781 3718 900 3792 Histro),
923 3717 993 3778 item
1010 3737 1045 3778 ex
1061 3716 1180 3780 Horatio
1195 3717 1226 3778 in
1242 3727 1340 3780 satura
1356 3718 1462 3799 scripta
1478 3737 1503 3779 c.
1520 3739 1546 3779 a.
1564 3717 1623 3779 723

269 3821 310 3896 (2,
326 3823 356 3896 6,
373 3822 427 3884 53:
457 3842 528 3884 aaut
554 3823 620 3903 guid
647 3823 680 3884 de
702 3822 788 3885 Dacis
815 3819 953 3896 ondistii')
984 3821 1066 3882 etin
1088 3822 1216 3882 carmine
1240 3821 1281 3901 (3,
1299 3821 1327 3894 6,
1346 3819 1397 3894 13)
1421 3823 1498 3882 iacto
1520 3841 1547 3884 a.
1563 3821 1624 3882 726
1746 3815 1747 3860 3

269 3928 307 4000 (ι.
322 3926 358 3987 ad
380 3928 605 4006 4,17):pacae
627 3935 791 4004 occatpatam
813 3924 997 3986 seditionibus
1020 3924 1120 3986 dolend
1141 3926 1241 3986 arbem
1263 3925 1357 3987 Dacos
1379 3937 1406 3987 ct
1422 3925 1559 4006 Aethiops,
1581 3926 1624 3986 bic
1746 3947 1747 3972 t

268 4031 355 4093 classe
379 4033 571 4112 formidatas,
599 4029 649 4093 iiic
674 4029 827 4092 missilibus
854 4028 956 4089 melior
981 4032 1099 4109 sagittis.
1148 4027 1266 4090 Devicta
1294 4029 1422 4090 Antonio
1451 4048 1476 4090 a.
1502 4029 1565 4090 724
1580 4049 1623 4108 sq.
1746 4093 1747 4112 ,

268 4133 304 4194 Μ.
321 4134 443 4196 Crassus
470 4135 579 4197 bellurn
607 4133 697 4213 gessit
726 4140 828 4193 contra
849 4131 941 4192 Dacos
969 4131 1097 4212 aliasque
1125 4138 1224 4210 gentes
1251 4130 1390 4193 finitimas
1420 4131 1553 4207 (111051,
1570 4131 1623 4206 23)
1746 4129 1747 4156 i

268 4237 515 4316 triumphauitque
545 4256 571 4298 a.
588 4235 615 4296 d.
631 4255 659 4296 ιι
674 4253 744 4296 non.
761 4234 814 4297 iul.
829 4254 856 4296 a.
872 4235 933 4295 727
962 4254 999 4297 cac
1027 4234 1163 4297 Tbraccia
1190 4247 1217 4298 ct
1246 4233 1335 4297 Gatcis
1363 4234 1433 4312 (tab.
1456 4235 1624 4316 trIumpb.).

266 4340 332 4412 Quo
359 4348 437 4400 recte
464 4339 577 4400 ridetur
604 4338 751 4400 rettulisse
778 4338 982 4402 Lachmannus
1012 4340 1100 4418 (apud
1130 4337 1289 4400 Frankium
1319 4341 1385 4400 fast.
1410 4338 1480 4400 Hor.
1504 4359 1534 4420 p.
1550 4340 1624 4420 246)

266 4442 364 4502 locum
388 4439 499 4502 Horatii
528 4442 558 4501 in
587 4441 717 4502 carmine
745 4441 786 4518 (3,
804 4441 832 4516 8,
851 4442 902 4522 18)
930 4443 1038 4524 scripto
1064 4463 1089 4504 c.
1106 4463 1131 4504 a.
1149 4442 1223 4504 725:
1258 4443 1355 4505 occidit
1384 4442 1459 4505 Daci
1487 4443 1626 4506 Gotisaais

266 4564 366 4624 αηυιου
393 4549 440 4623 (εί.
464 4563 554 4607 carm.
577 4544 612 4619 2,
634 4544 689 4620 26,
715 4547 776 4625 17).
826 4545 891 4607 Non
920 4546 1070 4609 desierunt
1099 4557 1197 4608 amen
1220 4555 1339 4634 propter
1366 4546 1443 4608 hanc
1471 4547 1623 4609 victoriam
1746 4611 1747 4632 ,

266 4648 409 4712 Dacorum
436 4649 635 4723 incursiones3
662 4669 731 4712 nam
755 4651 786 4712 in
807 4651 978 4713 universum
1001 4650 1105 4712 Florus
1127 4649 1156 4724 2,
1172 4649 1228 4711 28ε
1251 4649 1333 4720 Daci,
1355 4649 1459 4729 inquit,
1483 4651 1626 4713 maestas

264 4755 428 4828 iabaereat;
450 4754 516 4815 iude
545 4752 682 4817 Cotisonis
703 4759 778 4835 repis
796 4757 922 4835 imperio,
945 4758 1070 4835 paraticas
1085 4765 1231 4816 concretas
1243 4755 1308 4836 gela
1322 4752 1473 4816 Danaeius
1488 4757 1627 4817 ιἰιιιυαοτ
