3525 5417
224 381 287 444 100
839 371 872 439 V,
893 375 961 428 6-8

206 560 316 621 ,[3ιὸ
337 577 404 620 cum
422 558 561 617 Perrotus
581 552 708 615 dedisset
730 562 815 627 recte,
836 556 888 616 sed
908 555 1075 635 imperfecte
1091 558 1140 634 pati
1156 600 1161 612 .
1176 600 1182 614 .
1196 600 1223 614 ..
1240 559 1340 626 veroid,
1365 575 1417 634 ego
1434 555 1574 636 deceptus

222 660 483 724 blordtmanuiauis
505 664 555 739 pati
573 658 783 720 o....ecdem
804 660 891 720 verbo
914 658 1079 739 supplerem
1103 663 1153 738 quai
1172 670 1230 720 trem
1245 662 1415 721 iurauerunt
1429 664 1458 721 e'n
1475 663 1574 722 cedern

220 767 317 838 verbu,
339 764 480 843 Berglius
502 767 552 843 pati
571 772 631 823 tum
645 766 675 822 bt
689 781 753 823 mea
767 763 853 824 verba
866 768 1051 835 iuraueruut3
1075 761 1137 841 ipsa
1159 761 1299 842 principis
1317 764 1401 823 verba
1419 764 1504 824 lectio
1520 784 1574 824 eu-

220 870 298 950 pleta
319 870 438 930 demum
460 868 606 945 suggessit
620 865 763 927 sententia
779 884 838 925 non
854 875 975 927 mutata.
991 902 1032 910 —
1047 865 1183 926 Extrema
1199 866 1343 927 sententia
1360 875 1419 927 tota
1435 887 1576 946 pessum-

221 973 286 1035 data
308 973 377 1033 olim
402 972 496 1032 Lucae
519 989 617 1030 errore
640 969 795 1030 scribentis
818 972 879 1030 v.7
903 970 1065 1031 conndibus
1087 987 1139 1049 pro
1162 969 1297 1042 consules,
1320 969 1447 1050 intellegi
1469 981 1574 1052 coeptu

219 1087 266 1139 est
291 1078 404 1158 prolato
432 1076 564 1156 exemplo
587 1073 772 1147 Perrotiauo,
806 1075 857 1136 sed
885 1092 964 1135 nunc
992 1073 1111 1134 demum
1140 1072 1225 1134 lectio
1251 1073 1291 1134 ita
1319 1083 1440 1154 purgata
1470 1085 1517 1136 est
1545 1085 1576 1136 et

219 1182 348 1262 expleta,
375 1191 408 1242 ut
433 1181 468 1242 ad
494 1199 556 1241 rem
586 1189 664 1240 certe
696 1197 771 1257 quae
801 1177 971 1257 perveniant
997 1175 1192 1237 dubitationes
1219 1195 1321 1238 omnes
1347 1179 1477 1240 sublatae
1503 1179 1574 1240 sint.

220 1283 321 1345 Latina
351 1304 404 1364 ego
432 1293 517 1345 autea
544 1283 586 1344 sic
616 1283 840 1344 constitueram:
870 1285 901 1342 de
930 1281 976 1354 ilie
1001 1281 1125 1341 domines
1152 1285 1202 1361 qui
1223 1280 1330 1360 positeu
1354 1281 1481 1343 consules
1501 1283 1579 1363 sacti

218 1399 286 1449 mat
307 1388 344 1450 od
365 1406 429 1449 eum
450 1388 523 1449 etiem
538 1405 592 1468 pao
613 1389 718 1466 scripto
739 1385 816 1459 salat
837 1385 905 1446 doec
927 1429 1079 1455 ........
1104 1387 1154 1465 qui
1169 1384 1337 1474 praetereat
1362 1389 1471 1448 edamur
1488 1405 1574 1459 eurr,

218 1490 359 1570 Bergkius
375 1499 488 1552 autem:
510 1495 542 1553 io
563 1492 608 1566 dis
631 1489 794 1552 consulares
817 1532 885 1560 ...‚
905 1487 1014 1568 poslteo
1036 1470 1258 1566 coenules‘socti
1272 1499 1348 1561 sunt,
1371 1489 1482 1569 reliqua
1501 1491 1576 1551 reti-

218 1613 302 1655 nens.
339 1593 375 1654 Et
396 1595 523 1657 beminen
544 1594 662 1673 quidem
686 1590 858 1654 vocabulum
882 1599 916 1652 ut
937 1589 1079 1669 Bergkius
1102 1600 1180 1651 reete
1202 1590 1316 1663 reiecit,
1347 1591 1387 1654 ita
1409 1594 1488 1672 quod
1510 1595 1576 1674 ipse

218 1693 299 1758 dedit
320 1716 424 1777 parum
441 1698 576 1760 Latinum
600 1706 661 1772 est3
684 1715 752 1757 nam
775 1704 826 1760 aut
847 1705 913 1756 suut
935 1694 1130 1755 omittendum
1153 1693 1210 1754 luit
1224 1704 1275 1755 aiut
1289 1695 1454 1758 addendum
1471 1697 1577 1758 relati-

218 1819 304 1874 vum,
333 1803 411 1880 quod
441 1810 539 1863 tamen
567 1800 661 1881 spatio
687 1800 860 1862 excluditur.
905 1797 965 1859 lam
993 1817 1060 1858 cum
1091 1816 1147 1858 rut
1174 1800 1233 1858 fere
1256 1798 1369 1859 litterae
1396 1799 1474 1860 iuter
1497 1803 1522 1860 rl
1545 1807 1577 1860 et

218 1925 284 1966 rsa
314 1905 463 1970 deficiant.
490 1924 550 1966 nou
578 1905 652 1966 duos
679 1922 818 1964 numeros
846 1902 961 1963 ridetur
986 1903 1135 1980 Augustus
1163 1903 1294 1982 posuisse
1323 1903 1521 1963 consularium
1544 1912 1576 1963 et

217 2019 318 2088 postea
349 2008 503 2070 consulum
530 2011 698 2080 laetorum,
730 2008 781 2069 sed
812 2024 905 2066 unum
940 2014 1098 2084 utrumque
1132 2024 1224 2084 genus
1257 2005 1575 2084 comprehendentem:

217 2112 378 2193 eodemque
400 2111 536 2174 uidentur
559 2111 665 2172 ducere
693 2105 831 2190 reliquiae
853 2108 1102 2189 interpretationis
1124 2109 1248 2169 Graecae
1270 2107 1374 2180 exiles,
1398 2110 1449 2170 sed
1473 2119 1575 2170 tamen

217 2215 256 2278 ita
285 2225 482 2297 comparatae,
509 2224 543 2276 ut
564 2216 638 2276 duos
667 2233 807 2276 numeros
835 2213 881 2273 vin
912 2212 953 2274 eis
980 2213 1101 2274 inseras.
1124 2247 1165 2255 —
1191 2211 1300 2272 Deinde
1321 2212 1352 2272 iu
1376 2212 1487 2273 Latinis
1511 2213 1575 2274 r.8

215 2321 294 2382 iuter
321 2321 399 2396 salat
427 2319 504 2395 doec]
528 2329 559 2381 et
581 2318 757 2397 [socerdoltee
778 2337 846 2380 cum
870 2317 1005 2378 deliciunt
1027 2315 1138 2376 litterae
1160 2335 1185 2376 c.
1208 2333 1257 2388 vu,
1280 2316 1310 2376 iu
1333 2315 1450 2376 Graecis
1473 2325 1574 2377 autem

216 2443 242 2484 r.
258 2423 300 2484 24
320 2423 440 2504 uestigia
463 2423 582 2485 evanida
604 2422 717 2484 intente
738 2421 913 2483 rimantibus
936 2419 1021 2482 nobis
1044 2419 1116 2480 haec
1137 2422 1196 2479 lere
1218 2419 1421 2500 apparuerint:

711 2525 779 2606 (titt.
797 2524 851 2604 22)
875 2521 1079 2592 mitidum

216 2632 251 2693 iis
266 2633 467 2713 supplementa
489 2651 607 2692 arrrnr
626 2640 656 2692 et
678 2621 879 2711 ὀγδοήκοντα
902 2629 962 2690 sola
984 2636 1062 2689 recte
1085 2626 1271 2706 respondent
1309 2625 1382 2687 Nam
1405 2625 1451 2688 bis
1468 2627 1574 2706 positis

151 2746 154 2750 “
216 2754 276 2797 nou
291 2736 386 2797 solum
403 2735 496 2816 spatia
511 2735 549 2795 ita
565 2733 728 2814 explentur,
752 2742 786 2794 ut
799 2732 913 2794 litterae
929 2751 1023 2811 neque
1039 2730 1189 2792 abundent
1203 2749 1299 2809 neque
1315 2729 1450 2791 deficiant
1466 2730 1576 2810 (iuter.

216 2840 351 2901 ciderunt
373 2839 461 2913 enim,
485 2836 608 2912 uldini,
630 2837 661 2898 iu
684 2836 794 2898 batiuis
816 2835 879 2897 r.8
903 2835 1046 2896 elementa
1068 2852 1135 2907 xvir,
1157 2832 1188 2894 in
1212 2832 1328 2894 Graecis
1352 2853 1378 2893 v.
1395 2832 1435 2894 24
1458 2833 1575 2913 aprin-

216 2941 291 3022 cipio
313 2961 338 3003 c.
354 2960 429 3014 xxti,
451 2941 561 3003 scilieet
583 2941 677 3021 spatio
699 2947 867 3021 computato
890 2938 925 2999 ad
947 2956 973 2998 v.
991 2936 1041 3010 23,
1064 2955 1131 2997 cum
1155 2946 1361 3017 computantes
1383 2936 1419 2997 ad
1435 2955 1460 2995 r.
1479 2934 1519 2996 20
1535 2936 1573 2998 ad

215 3064 281 3106 xxiv
303 3046 454 3120 ducamur,
478 3054 510 3106 ut
533 3047 695 3106 luculenter
716 3043 786 3104 hinc
808 3050 946 3123 appareat
968 3040 1130 3121 scripturae
1151 3039 1395 3122 inaequabiles),
1419 3040 1469 3100 sed
1493 3041 1574 3119 quod

216 3149 376 3211 marimum
411 3158 468 3224 est,
505 3150 581 3211 inter
610 3147 771 3210 numeralia
802 3145 934 3226 quaein
962 3165 1059 3207 κονια
1088 3143 1194 3205 finiunt
1215 3163 1308 3205 uuum
1337 3143 1414 3224 quod
1442 3143 1573 3204 litteram

214 3253 371 3314 rotundam
395 3253 500 3314 babeat
522 3273 573 3314 sex
594 3252 700 3314 litteris
724 3258 887 3330 separatam
909 3269 925 3310 a
948 3247 1077 3310 clausula
1101 3268 1171 3319 ντα,
1193 3245 1221 3308 id
1245 3253 1290 3307 est
1311 3248 1389 3326 quod
1405 3246 1573 3326 posuimus.

316 3357 474 3418 Senatores
497 3375 584 3436 supra
607 3355 806 3434 septingentos
829 3371 895 3414 cum
920 3351 1055 3433 princeps
1077 3349 1187 3412 scribat
1207 3369 1232 3409 a.
1249 3349 1310 3410 722
1332 3349 1387 3410 sub
1403 3349 1466 3410 suis
1480 3349 1575 3429 signis

216 3457 393 3532 militariam,
416 3459 549 3540 pervenit
570 3458 599 3518 id
622 3459 658 3518 ad
681 3477 730 3519 eos
752 3457 803 3537 qui
825 3477 859 3518 eo
882 3465 1014 3535 tempore
1037 3463 1187 3516 senatores
1205 3463 1313 3526 essent,
1336 3471 1432 3532 neque
1454 3453 1485 3514 in
1507 3453 1574 3534 ipsa

214 3579 246 3621 re
269 3560 412 3622 dubitatio
427 3561 540 3634 obstat3
563 3580 630 3622 nam
653 3570 737 3622 erant
758 3579 792 3621 eo
816 3568 948 3639 tempore
970 3567 1120 3620 senatores
1137 3576 1225 3637 supra
1241 3556 1319 3618 mille
1335 3565 1409 3618 teste
1425 3557 1573 3619 Suetonio

213 3665 286 3743 bug.
303 3664 353 3726 35.
386 3664 615 3726 Praetereuntur
636 3664 676 3727 ita
699 3673 759 3726 tam
781 3663 858 3724 inter
880 3672 1031 3724 senatores
1053 3680 1142 3741 quam
1166 3661 1244 3722 iuter
1265 3660 1434 3722 consulares
1448 3660 1573 3722 iuuenes

213 3767 232 3827 ii
265 3768 316 3847 qui
349 3778 482 3849 tempore
514 3768 582 3830 belli
606 3768 715 3830 Actiaci
750 3767 880 3848 equestri
912 3768 976 3828 loco
1012 3765 1164 3828 constituti
1197 3773 1299 3845 postea
1332 3764 1424 3825 latum
1454 3765 1570 3826 clavum

212 3882 404 3951 sumpserunt
431 3875 559 3934 faseesue
589 3872 685 3954 adepti
712 3881 791 3933 sunt.
835 3872 871 3931 ut
900 3871 1007 3932 horum
1037 3889 1104 3932 cum
1135 3888 1188 3949 par
1215 3887 1301 3930 causa
1332 3868 1378 3939 sit,
1396 3870 1488 3948 magis
1504 3887 1573 3929 cre-

212 3974 334 4036 diderim
356 3976 523 4055 Augustum
550 3975 647 4056 paullo
675 3974 874 4054 indiligentius
904 3975 1037 4037 locutum
1065 3991 1130 4035 esse
1157 3989 1246 4053 quam
1274 3972 1304 4032 in
1330 3971 1413 4032 fastis
1434 3971 1572 4033 Actiacos

212 4097 283 4140 suos
305 4079 539 4140 dinumerantem
562 4081 616 4141 hos
638 4078 832 4160 praeteriisse.

243 4176 248 4186 ’
312 4182 391 4254 Quot
418 4183 585 4245 consulares
613 4184 669 4246 sub
696 4183 786 4262 signis
816 4181 878 4243 suis
906 4182 1077 4244 adeletiam
1107 4181 1266 4243 militantes
1287 4179 1437 4258 Augustus
1461 4186 1571 4240 nume-

211 4286 319 4348 raverit
340 4297 374 4348 ut
395 4307 430 4348 ex
453 4288 549 4350 indice
571 4288 634 4350 solo
656 4286 854 4367 cognoscitur,
877 4288 918 4349 ita
939 4306 974 4347 ex
997 4305 1096 4348 rerum
1113 4283 1254 4347 memoria
1270 4281 1454 4361 aliquatenus
1470 4283 1570 4343 deter-

211 4389 318 4451 minari
345 4400 456 4471 potest,
490 4401 564 4472 quot
596 4392 764 4454 consulares
797 4409 831 4451 eo
858 4400 990 4471 tempore
1022 4390 1053 4451 iu
1082 4390 1154 4452 vivis
1186 4388 1296 4451 luerint
1323 4387 1370 4447 rel
1398 4394 1476 4448 certe
1503 4401 1570 4445 esse

210 4492 361 4572 potuerint
386 4513 482 4575 neque
509 4497 592 4576 sigua
613 4495 779 4557 Autoniana
811 4494 904 4556 secuti
927 4495 996 4555 sint.
1041 4493 1078 4556 ut
1100 4493 1298 4555 consularium
1322 4488 1440 4570 quidem
1464 4506 1567 4549 eorum

209 4615 284 4674 quos
312 4597 380 4659 lasti
406 4609 558 4661 recensent
580 4599 616 4660 ab
638 4619 664 4661 a.
681 4599 740 4662 681
765 4600 801 4662 ad
823 4621 848 4662 a.
867 4599 928 4659 700
951 4598 1106 4680 plerosque
1128 4605 1242 4661 eertum
1271 4595 1317 4657 rel
1339 4612 1430 4675 paene
1452 4601 1566 4655 certum

209 4708 254 4760 est
275 4700 428 4762 deiunctos
450 4721 514 4764 esse
536 4711 604 4764 aute
626 4723 651 4767 a.
668 4704 746 4778 7123
769 4703 996 4785 supervixerunt
1018 4702 1044 4763 ei
1059 4703 1104 4764 vel
1126 4711 1204 4764 certe
1227 4709 1294 4782 post
1309 4718 1378 4760 eum
1394 4696 1565 4779 superstites

209 4821 273 4864 esse
300 4813 460 4884 potuerunt
482 4807 533 4869 Cu.
549 4806 682 4869 delfidius
706 4806 825 4870 Orestes
847 4827 905 4869 cos.
922 4825 947 4867 a.
963 4805 1039 4880 683,
1069 4805 1114 4866 Μ’.
1138 4793 1278 4867 Aemilius
1302 4803 1428 4882 Lepidus
1450 4823 1476 4864 a.
1493 4799 1564 4874 688,
