3525 5417
737 337 771 405 V,
789 337 896 393 24-31
1430 341 1491 404 115

141 517 198 579 niis
219 518 338 580 Tacitus
365 518 405 580 ait
426 521 607 598 praetectum
628 537 702 591 esse,
724 517 853 599 pertinet
874 517 910 578 ad
932 515 1089 577 factionem
1104 515 1282 590 Romanam3
1304 514 1421 577 Parthis
1443 516 1494 596 qui

141 620 276 682 favebant
296 619 428 682 Armenii
454 638 515 682 non
541 621 636 683 solum
664 640 732 682 eum
756 639 816 682 non
838 627 1022 699 aeceperunt,
1047 619 1097 680 sed
1120 619 1191 679 adeo
1213 617 1322 680 bellum
1344 617 1371 680 ei
1394 637 1494 680 move-

140 733 213 786 runt
227 744 254 785 a.
270 725 341 796 155,
357 726 387 786 in
403 744 462 805 quo
473 724 605 804 Artagira
620 724 758 786 obsidens
770 723 859 786 Gaius
874 723 1044 784 vulneratus
1059 721 1155 802 paullo
1170 730 1237 801 post
1252 719 1303 796 (21
1321 720 1405 783 Febr.
1419 723 1493 798 151)

140 847 175 888 ex
196 847 232 888 eo
253 826 372 888 vulnere
395 825 509 906 obiit¹).
533 861 574 872 -
596 827 695 906 Pergit
715 827 835 889 Tacitus
856 845 924 888 ann.
941 825 970 898 2,
987 827 1021 886 4:
1044 824 1238 887 tantunaco
1259 835 1351 887 morta
1371 827 1494 905 fortudo

109 959 113 967 ¹
140 931 289 1010 obsuoqto
316 934 432 1010 stirpem
457 933 516 992 aas
544 931 622 993 baud
648 931 813 993 toleravere.
861 928 916 989 Dio
942 947 1059 1008 quoque
1082 929 1131 1002 55,
1155 929 1207 989 10:
1235 927 1291 1010 τὴν
1313 923 1493 1009 Ἀρμενίαν,

139 1035 188 1104 ait,
210 1029 284 1095 adae
305 1031 366 1115 μὲν
396 1025 413 1095 d
433 1027 701 1117 Ἀριοβαρζάνης,
726 1029 960 1104 ἀποθανόντος
982 1031 1019 1094 δὲ
1041 1026 1142 1095 αὐτοῦ
1164 1025 1202 1093 ori
1224 1028 1339 1114 πολλῷ
1360 1025 1495 1112 ὕστερον

134 1131 336 1218 Ἀρταβάζης
358 1132 377 1201 o‘
399 1132 471 1209 vida
493 1133 586 1220 παρά
605 1159 641 1198 τε
661 1135 721 1199 τοῦ
744 1130 940 1212 Αὐγούστου
962 1132 1019 1195 καὶ
1041 1131 1135 1218 παρὰ
1156 1134 1212 1216 τῆς
1233 1131 1353 1216 βουλῆς
1368 1130 1494 1212 ἔλαβεν.

138 1239 348 1302 Ariobarzanes
380 1241 469 1319 igitur
503 1239 602 1321 paucis
634 1239 720 1301 annis
747 1247 814 1319 post
837 1237 898 1297 755
921 1235 997 1298 dem
1027 1237 1099 1299 obiit
1130 1237 1329 1318 successitque
1362 1235 1389 1297 ei
1416 1237 1493 1298 iilius

138 1343 323 1416 Artavasdes,
345 1353 380 1406 ut
401 1344 549 1422 Augustus
578 1363 695 1424 quoque
716 1343 773 1403 hoc
794 1342 858 1403 loco
881 1338 991 1400 scribit.
1035 1339 1106 1402 Eius
1129 1340 1329 1402 videturesse
1352 1357 1494 1402 nummus

137 1444 236 1506 adhuc
265 1444 371 1525 opinor
392 1445 498 1508 unicus
520 1446 617 1510 editus
638 1466 654 1508 a
678 1445 827 1507 Gardnero
851 1443 1049 1519 (Naaa'smotic
1072 1442 1210 1504 alserada
1231 1442 1288 1504 vol.
1308 1442 1345 1502 12
1368 1461 1393 1504 a.
1411 1442 1493 1504 1812

137 1568 168 1627 p.
186 1548 206 1609 9
229 1547 286 1609 tab.
305 1550 319 1609 1
337 1567 367 1610 n.
384 1549 425 1624 1),
448 1551 607 1613 ostendens
629 1549 666 1612 ab
689 1567 747 1610 una
768 1555 851 1628 parte
872 1555 961 1625 caput
974 1545 1099 1625 Augusti
1119 1546 1282 1608 laureatum
1305 1545 1346 1608 ita
1368 1549 1437 1620 tere,
1461 1555 1494 1608 ut

138 1649 272 1712 cernitur
299 1652 329 1713 in
356 1651 482 1714 denariis
511 1653 543 1714 L.
567 1663 597 1716 et
618 1654 648 1715 C.
665 1651 821 1713 Caesarum
851 1649 930 1711 cusis
958 1667 1035 1710 anno
1061 1651 1122 1710 iere
1151 1648 1228 1723 753,
1255 1648 1493 1731 adscriptumque

138 1754 224 1816 θεοῦ
250 1757 417 1838 Καίσαρος
444 1750 629 1835 εὐεργέτου,
653 1755 689 1818 ab
710 1755 800 1816 altera
821 1760 910 1831 caput
931 1751 1007 1830 regis
1034 1751 1231 1814 diadematum
1253 1752 1493 1833 adscriptumque

137 1854 304 1936 βασιλέως
329 1854 473 1938 μεγάλου
490 1853 723 1940 ³Apracoa'idov,
753 1873 932 1936 quamquam
959 1853 1068 1935 poterit
1093 1853 1163 1915 item
1197 1853 1287 1916 tribui
1319 1856 1494 1918 Artavasdae

137 1960 168 2023 ei
189 1959 241 2040 qui
255 1978 323 2021 cum
339 1960 464 2040 Tigrane
480 1962 518 2023 lll
532 1961 662 2023 certavit.
691 1962 883 2022 Interiectum
899 1976 964 2019 esse
978 1957 1166 2018 Artavasdem
1182 1957 1384 2020 Ariobarzanis
1400 1959 1492 2020 lilium

137 2063 339 2143 comperimus
361 2083 397 2124 ex
419 2065 482 2126 solo
503 2065 628 2145 Augusti
650 2062 876 2135 commentario,
899 2060 954 2122 etsi
975 2059 1053 2122 idem
1077 2059 1195 2122 Tacitus
1216 2059 1248 2122 in
1271 2070 1369 2123 mente
1391 2061 1493 2124 habuit

137 2167 271 2228 scribens
284 2168 439 2231 Armenios
454 2169 576 2249 stirpem
592 2167 795 2229 Ariobarzanis
816 2183 877 2226 non
893 2163 1068 2226 toleravisse.
1105 2164 1148 2225 Ει
1164 2166 1265 2227 eodem
1281 2165 1492 2228 commentario

136 2270 281 2332 discimus
308 2271 339 2330 in
367 2271 430 2333 eius
452 2272 549 2334 locum
571 2271 737 2350 Augustum
760 2269 949 2332 substituisse
972 2267 1126 2346 Tigranem
1150 2267 1222 2347 (tv).
1265 2268 1340 2330 Eum
1364 2286 1432 2330 cum
1455 2288 1490 2331 ex

240 2497 262 2564 ¹)
289 2496 344 2548 line
371 2504 487 2564 spectare
513 2495 635 2549 fastorum
661 2495 930 2562 liipatransoncnsium
957 2491 1094 2545 frustulum
1121 2491 1159 2558 (G.
1178 2492 1196 2544 Ι.
1214 2491 1272 2544 L.l
1295 2511 1318 2561 p.
1337 2495 1386 2546 412
1406 2493 1493 2548 =1x

136 2600 163 2632 a.
176 2581 244 2632 5290
261 2598 284 2648 p.
297 2582 357 2646 412)
376 2582 508 2634 ilenzsnus
526 2582 669 2644 intellexit3
687 2581 860 2648 supplementa
878 2589 962 2631 tamen
981 2579 1012 2630 ab
1031 2594 1061 2630 eo
1081 2579 1210 2646 proposita
1228 2579 1303 2646 longe
1321 2583 1444 2634 recedunt
1461 2583 1492 2634 ab

136 2669 227 2718 borum
245 2666 370 2719 laetorum
388 2668 557 2733 ordinatione,
577 2668 676 2735 qualem
695 2665 815 2732 patelaeit
833 2664 942 2717 irustum
962 2665 1071 2716 alterum
1090 2668 1176 2732 (supra
1188 2681 1211 2731 p.
1225 2667 1281 2732 61);
1303 2669 1405 2719 scilicet
1417 2684 1493 2736 pone-

135 2755 232 2805 bantur
253 2754 291 2806 ibi
313 2755 420 2821 primum
442 2757 560 2806 consules
583 2756 644 2806 anni
666 2754 762 2818 totius,
786 2753 877 2804 deinde
899 2767 941 2803 res
964 2751 1019 2802 eius
1045 2751 1104 2802 anni
1125 2753 1315 2816 memorabiles,
1338 2754 1416 2804 tertio
1435 2755 1492 2805 loeo

135 2843 306 2907 magistratus
324 2841 380 2892 eius
399 2843 459 2893 anni
477 2843 652 2908 municipales.
681 2839 840 2891 Crediderim
858 2838 972 2906 equidem
991 2837 1139 2904 particulam
1150 2838 1214 2889 banc
1226 2839 1354 2906 pertinere
1367 2840 1398 2892 ad
1410 2841 1492 2893 solum

133 2944 228 2981 anuum
246 2928 295 2977 151
314 2934 341 2978 et
358 2927 396 2978 sic
413 2925 468 2978 fere
487 2928 670 2979 restituendam
688 2939 758 2977 asse:

338 3047 388 3083 cos.
539 3048 595 3083 sea.
641 3030 722 3082 seban
756 3033 830 3080 catus
956 3043 976 3078 c.
1011 3029 1110 3078 sentias
1144 3031 1295 3080 suturasiaua

541 3120 596 3185 aas.
647 3117 671 3168 lc.
717 3115 763 3167 iul.
916 3129 936 3164 c.
1023 3111 1118 3164 clodius
1203 3113 1295 3166 ls'aimas

925 3215 964 3250 ca.
1009 3203 1107 3250 acatius
1141 3203 1293 3252 cataoniam

353 3290 411 3338 aaiiii
435 3287 460 3338 Ιι.
512 3291 590 3339 mars.
642 3304 663 3338 c.
709 3302 798 3338 caesar
840 3297 903 3338 AVG
926 3310 934 3326 ·
957 3297 973 3338 F
996 3309 1003 3326 ·
1027 3286 1147 3338 bscessit
1172 3287 1199 3335 ia
1226 3284 1293 3352 lycia

433 3389 530 3424 aaaam
559 3389 641 3441 ageas
666 3376 739 3426 aairr
773 3397 781 3411 ·
815 3383 920 3425 ROMAE
954 3395 961 3410 ·
990 3374 1140 3424 rvsTtTa'um
1225 3371 1293 3424 indie

432 3464 488 3509 tum
556 3463 594 3509 est
662 3469 768 3513 notrae
778 3481 786 3498 ·
795 3467 955 3511 ossa·stvs
966 3481 975 3498 ·
988 3469 1019 3509 tlt
1032 3480 1040 3497 ·
1058 3467 1252 3511 massotasum
1264 3460 1291 3508 ia

429 3547 565 3612 serrantur
664 3556 708 3596 v·
725 3556 773 3598 ιιι)
795 3567 803 3584 ·
826 3555 894 3596 ssrr
916 3566 923 3580 ·
946 3553 1058 3596 ssttvm
1075 3565 1082 3582 ·
1099 3553 1163 3596 cvm
1178 3544 1292 3594 Maritus

433 3646 457 3698 p.
492 3647 514 3681 r.
546 3646 639 3697 geraus
669 3642 700 3682 ΙΝ
738 3654 745 3669 ·
782 3641 920 3682 ARMENtA
955 3651 964 3668 ·
1001 3639 1159 3682 rskcvssus
1177 3631 1216 3679 est
1230 3627 1292 3680 dam

434 3713 528 3765 obsidet
643 3727 813 3769 mantuam
900 3739 907 3754 ·
977 3716 1114 3767 Armeniae
1170 3712 1290 3780 oppidum

350 3815 367 3849 a
394 3798 417 3850 lc.
462 3799 506 3850 iul.
550 3802 609 3868 imp.
654 3815 742 3851 caesar
811 3812 840 3853 τι
869 3800 928 3865 0s
957 3823 963 3836 ·
993 3811 1105 3852 Drusum
1123 3813 1148 3847 a.
1162 3795 1292 3866 adoptarit

134 3913 260 3964 Extremo
273 3927 360 3975 versu,
378 3911 421 3962 abi
439 3925 507 3966 rien
526 3912 645 3977 traditur,
663 3920 770 3980 possunt
788 3911 864 3961 etiam
880 3913 986 3961 uvirum
998 3909 1097 3960 nomina
1110 3907 1199 3969 luisse,
1217 3924 1361 3975 quamquam
1375 3909 1490 3976 adoptio-

136 4010 192 4046 nem
204 3993 303 4045 Tiberii
321 3993 367 4043 dlii
386 3995 538 4062 duorumque
556 4002 673 4060 nepotum
692 4011 707 4047 a
725 3993 851 4045 latercula
870 4010 919 4042 nou
938 3991 1031 4043 aluisse
1050 3991 1199 4042 verisimile.
1230 3989 1255 4041 ln
1273 3991 1418 4042 universum
1432 4009 1490 4042 con-

134 4081 267 4132 iereudum
291 4088 331 4131 est
356 4081 482 4132 decretum
505 4081 652 4132 Pisandrum
670 4081 761 4145 (Orell.
782 4080 854 4142 643),
877 4079 904 4129 ia
928 4094 975 4144 quo
994 4079 1033 4128 sic
1050 4084 1101 4129 est:
1127 4077 1151 4127 C.
1173 4076 1308 4128 Caesarem
1324 4080 1441 4145 Augusti
1457 4107 1489 4117 -

131 4169 224 4233 filium
241 4165 296 4218 diui
311 4171 426 4235 nepotem
442 4172 501 4234 post
517 4166 682 4230 consalutata,
700 4183 775 4234 quam
786 4165 855 4216 altra
867 4165 928 4232 fiais
939 4167 1073 4215 mtrem
1082 4163 1167 4230 populi
1177 4161 1287 4214 llamaai
1296 4163 1387 4215 bellam
1395 4181 1489 4232 geram

126 4253 250 4321 sals'ciler
264 4256 412 4320 peregerat,
433 4254 492 4304 deae
509 4257 587 4320 gesta
604 4270 632 4305 aa
647 4253 762 4322 publiea,
783 4251 900 4303 deuictea's
917 4255 963 4302 aut
980 4249 1007 4301 ia
1023 4247 1106 4316 fidem
1123 4253 1230 4318 receptis
1247 4247 1444 4302 bellicosissimis
1460 4267 1491 4304 aa

134 4341 263 4390 maamad
271 4340 397 4406 geatsbas,
409 4341 494 4407 ipsum
505 4337 646 4391 oolambua
654 4355 701 4408 pro
713 4358 741 4392 ra
751 4339 853 4408 pialtico
864 4339 977 4407 acceptis
989 4340 1017 4387 ia
1028 4351 1056 4387 ac
1068 4352 1127 4388 ausa
1139 4335 1283 4388 crudelibus
1293 4338 1368 4404 satis
1379 4341 1490 4406 ereptum

131 4427 227 4495 populo
244 4425 357 4477 liemaro
379 4433 405 4476 et
425 4433 483 4492 post
500 4427 565 4478 alia:
589 4429 705 4494 aporiare
725 4443 760 4477 aa·
783 4441 813 4476 aa
829 4424 881 4489 dae,
900 4440 950 4491 qua
966 4427 1021 4475 abac
1038 4423 1140 4475 decusas
1158 4426 1288 4474 acuamus
1305 4427 1386 4488 esset,
1409 4439 1490 4491 usqae

134 4511 173 4562 acl
187 4528 245 4562 sam
261 4510 341 4575 diua,
358 4527 409 4577 ριια
426 4526 484 4563 ossa
501 4513 582 4566 relatu
598 4516 675 4578 atque
692 4511 793 4563 ceadda
809 4515 924 4576 iustaque
941 4513 999 4562 aias
1017 4511 1132 4561 manibus
1147 4511 1263 4578 persocia
1279 4514 1369 4576 esseut,
1387 4513 1489 4562 maasias

135 4602 202 4650 ereata
222 4602 324 4649 mactata
342 4625 376 4635 -
393 4599 546 4650 coaaictibus
567 4615 622 4649 sess
637 4599 767 4666 apellanus
784 4605 833 4649 cet.
869 4595 997 4648 iustitium
1016 4596 1111 4648 nullum
1129 4595 1251 4647 indictum
1269 4602 1310 4647 cst
1327 4595 1395 4648 Pisis
1413 4613 1488 4664 prop·

135 4693 223 4747 terea,
250 4685 314 4751 quod
341 4699 371 4734 eo
396 4690 509 4750 tempore
536 4682 604 4734 forte
629 4685 664 4735 ibi
685 4684 852 4748 magistratus
877 4699 925 4733 non
951 4690 1024 4734 eraut
1050 4699 1127 4749 neque
1149 4683 1278 4749 quisquam
1301 4683 1357 4733 iura
1379 4684 1487 4734 dicundo

135 4777 264 4836 praeerat.

1292 4851 1329 4908 8*
