<?xml version="1.0" encoding="UTF-8"?>
<!DOCTYPE html PUBLIC "-//W3C//DTD XHTML 1.0 Transitional//EN"
    "http://www.w3.org/TR/xhtml1/DTD/xhtml1-transitional.dtd">
<html xmlns="http://www.w3.org/1999/xhtml" xml:lang="en" lang="en">
 <head>
  <title>
</title>
<meta http-equiv="Content-Type" content="text/html;charset=utf-8" />
  <meta name='ocr-system' content='tesseract 3.04.00' />
  <meta name='ocr-capabilities' content='ocr_page ocr_carea ocr_par ocr_line ocrx_word'/>
</head>
<body>
  <div class='ocr_page' id='page_1' title='image "./resgestaediviau00mommgoog_0304.png"; bbox 0 0 3525 5417; ppageno 0'>
   <div class='ocr_carea' id='block_1_1' title="bbox 245 291 990 364">
    <p class='ocr_par' dir='ltr' id='par_1_1' title="bbox 245 291 990 364">
     <span class='ocr_line' id='line_1_1' title="bbox 245 291 990 364; baseline -0.005 -14"><span class='ocrx_word' id='word_1_1' title='bbox 245 299 312 364; x_wconf 78' lang='lat'><strong>200</strong></span> <span class='ocrx_word' id='word_1_2' title='bbox 858 291 990 350; x_wconf 78' lang='lat' dir='ltr'><strong>vnnsro</strong></span> 
     </span>
    </p>
   </div>
   <div class='ocr_carea' id='block_1_2' title="bbox 245 466 1614 3238">
    <p class='ocr_par' dir='ltr' id='par_1_2' title="bbox 245 466 1614 3238">
     <span class='ocr_line' id='line_1_2' title="bbox 246 466 1613 554; baseline 0 -18"><span class='ocrx_word' id='word_1_3' title='bbox 246 479 370 538; x_wconf 78' lang='lat' dir='ltr'><strong>fortasse</strong></span> <span class='ocrx_word' id='word_1_4' title='bbox 403 473 481 536; x_wconf 91' lang='lat' dir='ltr'><strong>aliud</strong></span> <span class='ocrx_word' id='word_1_5' title='bbox 514 492 631 552; x_wconf 90' lang='lat' dir='ltr'><strong>quoque</strong></span> <span class='ocrx_word' id='word_1_6' title='bbox 660 472 776 545; x_wconf 86' lang='grc'><strong>12,10.</strong></span> <span class='ocrx_word' id='word_1_7' title='bbox 796 474 832 533; x_wconf 91' lang='grc'><strong>11</strong></span> <span class='ocrx_word' id='word_1_8' title='bbox 876 471 934 547; x_wconf 84' lang='grc' dir='ltr'><strong>τὰς</strong></span> <span class='ocrx_word' id='word_1_9' title='bbox 963 472 1048 544; x_wconf 77' lang='grc' dir='ltr'><strong><em>θέας</em></strong></span> <span class='ocrx_word' id='word_1_10' title='bbox 1077 468 1137 533; x_wconf 74' lang='lat' dir='ltr'><strong>dod</strong></span> <span class='ocrx_word' id='word_1_11' title='bbox 1169 467 1286 534; x_wconf 81' lang='grc' dir='ltr'><strong><em>ἑκατὸν</em></strong></span> <span class='ocrx_word' id='word_1_12' title='bbox 1318 466 1400 534; x_wconf 86' lang='grc' dir='ltr'><strong><em>ἐτῶν</em></strong></span> <span class='ocrx_word' id='word_1_13' title='bbox 1431 475 1613 554; x_wconf 76' lang='grc' dir='ltr'><strong><em>γινομένας</em></strong></span> 
     </span>
     <span class='ocr_line' id='line_1_3' title="bbox 248 572 1612 658; baseline -0.001 -19"><span class='ocrx_word' id='word_1_14' title='bbox 248 572 493 658; x_wconf 78' lang='grc' dir='ltr'><em>ὀνομαζομένας</em></span> <span class='ocrx_word' id='word_1_15' title='bbox 522 573 724 656; x_wconf 82' lang='grc' dir='ltr'><strong><em>σαικλάρεις,</em></strong></span> <span class='ocrx_word' id='word_1_16' title='bbox 754 575 803 636; x_wconf 93' lang='lat' dir='ltr'><strong>ubi</strong></span> <span class='ocrx_word' id='word_1_17' title='bbox 832 577 926 655; x_wconf 80' lang='lat' dir='ltr'>glossa</span> <span class='ocrx_word' id='word_1_18' title='bbox 955 593 1022 636; x_wconf 90' lang='lat' dir='ltr'><strong>oum</strong></span> <span class='ocrx_word' id='word_1_19' title='bbox 1054 573 1296 656; x_wconf 75' lang='lat' dir='ltr'><strong>interpretatione</strong></span> <span class='ocrx_word' id='word_1_20' title='bbox 1325 574 1473 637; x_wconf 92' lang='lat' dir='ltr'><strong>inunum</strong></span> <span class='ocrx_word' id='word_1_21' title='bbox 1501 578 1612 638; x_wconf 80' lang='lat' dir='ltr'><strong>coaluit</strong></span> 
     </span>
     <span class='ocr_line' id='line_1_4' title="bbox 247 676 1611 759; baseline 0 -17"><span class='ocrx_word' id='word_1_22' title='bbox 247 680 343 759; x_wconf 82' lang='lat' dir='ltr'><strong>(ludos</strong></span> <span class='ocrx_word' id='word_1_23' title='bbox 364 678 525 742; x_wconf 74' lang='lat' dir='ltr'><em>saeculares</em></span> <span class='ocrx_word' id='word_1_24' title='bbox 546 679 577 739; x_wconf 93' lang='lat' dir='ltr'><strong>in</strong></span> <span class='ocrx_word' id='word_1_25' title='bbox 600 679 733 759; x_wconf 83' lang='lat' dir='ltr'><strong>exemplo</strong></span> <span class='ocrx_word' id='word_1_26' title='bbox 756 678 860 740; x_wconf 88' lang='lat' dir='ltr'><strong>Latino</strong></span> <span class='ocrx_word' id='word_1_27' title='bbox 892 677 1035 757; x_wconf 91' lang='lat' dir='ltr'><strong>seriptum</strong></span> <span class='ocrx_word' id='word_1_28' title='bbox 1064 681 1131 751; x_wconf 90' lang='lat' dir='ltr'><strong>est).</strong></span> <span class='ocrx_word' id='word_1_29' title='bbox 1176 676 1236 737; x_wconf 91' lang='lat' dir='ltr'><strong>lam</strong></span> <span class='ocrx_word' id='word_1_30' title='bbox 1260 676 1312 757; x_wconf 92' lang='lat' dir='ltr'><strong>qui</strong></span> <span class='ocrx_word' id='word_1_31' title='bbox 1334 676 1476 757; x_wconf 89' lang='lat' dir='ltr'><strong>glossario</strong></span> <span class='ocrx_word' id='word_1_32' title='bbox 1498 680 1611 742; x_wconf 86' lang='lat' dir='ltr'><strong>Graeco</strong></span> 
     </span>
     <span class='ocr_line' id='line_1_5' title="bbox 247 779 1609 861; baseline -0.001 -16"><span class='ocrx_word' id='word_1_33' title='bbox 247 783 319 845; x_wconf 89' lang='lat' dir='ltr'><strong>adeo</strong></span> <span class='ocrx_word' id='word_1_34' title='bbox 347 801 408 844; x_wconf 94' lang='lat' dir='ltr'><strong>non</strong></span> <span class='ocrx_word' id='word_1_35' title='bbox 435 781 536 844; x_wconf 81' lang='lat' dir='ltr'><strong>didicit</strong></span> <span class='ocrx_word' id='word_1_36' title='bbox 564 791 641 844; x_wconf 86' lang='lat' dir='ltr'><strong>recte</strong></span> <span class='ocrx_word' id='word_1_37' title='bbox 669 783 713 843; x_wconf 89' lang='lat' dir='ltr'><strong>uti</strong></span> <span class='ocrx_word' id='word_1_38' title='bbox 744 789 777 844; x_wconf 92' lang='lat' dir='ltr'><strong>ut</strong></span> <span class='ocrx_word' id='word_1_39' title='bbox 804 782 849 842; x_wconf 88' lang='lat' dir='ltr'><strong>vel</strong></span> <span class='ocrx_word' id='word_1_40' title='bbox 883 788 984 842; x_wconf 88' lang='lat' dir='ltr'><strong>contra</strong></span> <span class='ocrx_word' id='word_1_41' title='bbox 1018 779 1193 841; x_wconf 89' lang='lat' dir='ltr'><strong>sententiam</strong></span> <span class='ocrx_word' id='word_1_42' title='bbox 1222 799 1238 840; x_wconf 95' lang='lat' dir='ltr'><strong>a</strong></span> <span class='ocrx_word' id='word_1_43' title='bbox 1267 779 1411 861; x_wconf 77' lang='lat' dir='ltr'><strong>scriptore</strong></span> <span class='ocrx_word' id='word_1_44' title='bbox 1440 781 1609 844; x_wconf 85' lang='lat' dir='ltr'><strong>institutam</strong></span> 
     </span>
     <span class='ocr_line' id='line_1_6' title="bbox 247 882 1611 966; baseline 0 -20"><span class='ocrx_word' id='word_1_45' title='bbox 247 886 334 948; x_wconf 86' lang='lat' dir='ltr'><strong>verba</strong></span> <span class='ocrx_word' id='word_1_46' title='bbox 356 886 442 966; x_wconf 85' lang='lat' dir='ltr'><strong>plana</strong></span> <span class='ocrx_word' id='word_1_47' title='bbox 464 904 497 947; x_wconf 93' lang='lat' dir='ltr'><strong>ac</strong></span> <span class='ocrx_word' id='word_1_48' title='bbox 519 885 671 965; x_wconf 89' lang='lat' dir='ltr'><strong>perspicua</strong></span> <span class='ocrx_word' id='word_1_49' title='bbox 694 885 949 966; x_wconf 77' lang='lat' dir='ltr'><strong>interpretaretur,</strong></span> <span class='ocrx_word' id='word_1_50' title='bbox 971 882 997 943; x_wconf 91' lang='lat' dir='ltr'><strong>is</strong></span> <span class='ocrx_word' id='word_1_51' title='bbox 1020 882 1186 944; x_wconf 85' lang='lat' dir='ltr'><strong>mehercule</strong></span> <span class='ocrx_word' id='word_1_52' title='bbox 1214 903 1274 946; x_wconf 93' lang='lat' dir='ltr'><strong>non</strong></span> <span class='ocrx_word' id='word_1_53' title='bbox 1291 884 1418 946; x_wconf 87' lang='lat' dir='ltr'><strong>Graecus</strong></span> <span class='ocrx_word' id='word_1_54' title='bbox 1441 885 1498 946; x_wconf 87' lang='lat' dir='ltr'><strong>luit</strong></span> <span class='ocrx_word' id='word_1_55' title='bbox 1518 886 1611 946; x_wconf 92' lang='lat' dir='ltr'><strong>bomo</strong></span> 
     </span>
     <span class='ocr_line' id='line_1_7' title="bbox 247 982 1610 1066; baseline -0.002 -15"><span class='ocrx_word' id='word_1_56' title='bbox 247 989 298 1052; x_wconf 91' lang='lat' dir='ltr'><strong>sed</strong></span> <span class='ocrx_word' id='word_1_57' title='bbox 320 989 481 1050; x_wconf 87' lang='lat' dir='ltr'><strong>Romanus.</strong></span> <span class='ocrx_word' id='word_1_58' title='bbox 527 989 629 1049; x_wconf 86' lang='lat' dir='ltr'><strong>Graeci</strong></span> <span class='ocrx_word' id='word_1_59' title='bbox 651 997 750 1050; x_wconf 90' lang='lat' dir='ltr'><strong>autem</strong></span> <span class='ocrx_word' id='word_1_60' title='bbox 774 987 920 1050; x_wconf 89' lang='lat' dir='ltr'><strong>sermonis</strong></span> <span class='ocrx_word' id='word_1_61' title='bbox 942 987 1092 1048; x_wconf 88' lang='lat' dir='ltr'><strong>insuetum</strong></span> <span class='ocrx_word' id='word_1_62' title='bbox 1115 1005 1146 1046; x_wconf 92' lang='lat' dir='ltr'><strong>se</strong></span> <span class='ocrx_word' id='word_1_63' title='bbox 1169 986 1305 1066; x_wconf 84' lang='lat' dir='ltr'><strong>praebuit</strong></span> <span class='ocrx_word' id='word_1_64' title='bbox 1330 982 1422 1048; x_wconf 85' lang='lat' dir='ltr'><strong>etiam&#39;</strong></span> <span class='ocrx_word' id='word_1_65' title='bbox 1441 987 1504 1049; x_wconf 93' lang='lat' dir='ltr'><strong>aliis</strong></span> <span class='ocrx_word' id='word_1_66' title='bbox 1525 1006 1610 1049; x_wconf 89' lang='lat' dir='ltr'><strong>com·</strong></span> 
     </span>
     <span class='ocr_line' id='line_1_8' title="bbox 248 1088 1438 1171; baseline -0.001 -18"><span class='ocrx_word' id='word_1_67' title='bbox 248 1092 347 1154; x_wconf 90' lang='lat' dir='ltr'><strong>missis</strong></span> <span class='ocrx_word' id='word_1_68' title='bbox 370 1091 530 1166; x_wconf 92' lang='lat' dir='ltr'><strong>erroribus,</strong></span> <span class='ocrx_word' id='word_1_69' title='bbox 553 1111 568 1152; x_wconf 88' lang='lat' dir='ltr'><strong>e</strong></span> <span class='ocrx_word' id='word_1_70' title='bbox 591 1091 700 1171; x_wconf 91' lang='lat' dir='ltr'><strong>quibus</strong></span> <span class='ocrx_word' id='word_1_71' title='bbox 723 1091 870 1171; x_wconf 87' lang='lat' dir='ltr'><strong>graviores</strong></span> <span class='ocrx_word' id='word_1_72' title='bbox 893 1090 1037 1170; x_wconf 91' lang='lat' dir='ltr'><strong>quosdam</strong></span> <span class='ocrx_word' id='word_1_73' title='bbox 1060 1088 1187 1150; x_wconf 85' lang='lat' dir='ltr'><strong>breviter</strong></span> <span class='ocrx_word' id='word_1_74' title='bbox 1209 1089 1438 1152; x_wconf 85' lang='lat' dir='ltr'><strong>recensebimus.</strong></span> 
     </span>
     <span class='ocr_line' id='line_1_9' title="bbox 345 1189 1613 1276; baseline 0 -20"><span class='ocrx_word' id='word_1_75' title='bbox 345 1189 533 1275; x_wconf 86' lang='lat' dir='ltr'><strong>‘Saepissime</strong></span> <span class='ocrx_word' id='word_1_76' title='bbox 556 1195 686 1276; x_wconf 87' lang='lat' dir='ltr'><strong>peccavit</strong></span> <span class='ocrx_word' id='word_1_77' title='bbox 707 1195 739 1256; x_wconf 92' lang='lat' dir='ltr'><strong>in</strong></span> <span class='ocrx_word' id='word_1_78' title='bbox 767 1195 891 1256; x_wconf 89' lang='lat' dir='ltr'><strong>articulo</strong></span> <span class='ocrx_word' id='word_1_79' title='bbox 913 1194 958 1254; x_wconf 83' lang='lat' dir='ltr'><strong>vol</strong></span> <span class='ocrx_word' id='word_1_80' title='bbox 979 1192 1161 1254; x_wconf 89' lang='lat' dir='ltr'><strong>admittendo</strong></span> <span class='ocrx_word' id='word_1_81' title='bbox 1183 1193 1232 1253; x_wconf 93' lang='lat' dir='ltr'><strong>ubi</strong></span> <span class='ocrx_word' id='word_1_82' title='bbox 1255 1193 1338 1255; x_wconf 89' lang='lat' dir='ltr'><strong>locus</strong></span> <span class='ocrx_word' id='word_1_83' title='bbox 1360 1194 1423 1256; x_wconf 89' lang='lat' dir='ltr'><strong>eius</strong></span> <span class='ocrx_word' id='word_1_84' title='bbox 1450 1213 1511 1255; x_wconf 90' lang='lat' dir='ltr'><strong>oon</strong></span> <span class='ocrx_word' id='word_1_85' title='bbox 1533 1205 1613 1256; x_wconf 89' lang='lat' dir='ltr'><strong>esset</strong></span> 
     </span>
     <span class='ocr_line' id='line_1_10' title="bbox 248 1292 1612 1384; baseline -0.001 -24"><span class='ocrx_word' id='word_1_86' title='bbox 248 1299 293 1360; x_wconf 83' lang='lat' dir='ltr'><strong>vel</strong></span> <span class='ocrx_word' id='word_1_87' title='bbox 319 1298 483 1360; x_wconf 89' lang='lat' dir='ltr'><strong>omittendo</strong></span> <span class='ocrx_word' id='word_1_88' title='bbox 511 1297 561 1359; x_wconf 92' lang='lat' dir='ltr'><strong>ubi</strong></span> <span class='ocrx_word' id='word_1_89' title='bbox 589 1298 680 1359; x_wconf 84' lang='lat' dir='ltr'><strong>careri</strong></span> <span class='ocrx_word' id='word_1_90' title='bbox 709 1317 744 1359; x_wconf 95' lang='lat' dir='ltr'><strong>eo</strong></span> <span class='ocrx_word' id='word_1_91' title='bbox 772 1297 915 1378; x_wconf 88' lang='lat' dir='ltr'><strong>nequiret</strong></span> <span class='ocrx_word' id='word_1_92' title='bbox 968 1294 1093 1376; x_wconf 83' lang='lat' dir='ltr'><strong>Scripsit</strong></span> <span class='ocrx_word' id='word_1_93' title='bbox 1121 1294 1169 1356; x_wconf 87' lang='lat' dir='ltr'><strong>ille</strong></span> <span class='ocrx_word' id='word_1_94' title='bbox 1201 1297 1264 1368; x_wconf 86' lang='lat'><strong>1,7</strong></span> <span class='ocrx_word' id='word_1_95' title='bbox 1295 1293 1331 1358; x_wconf 78' lang='grc' dir='ltr'><strong>ἐν</strong></span> <span class='ocrx_word' id='word_1_96' title='bbox 1357 1296 1396 1384; x_wconf 81' lang='grc' dir='ltr'><strong>τῇ</strong></span> <span class='ocrx_word' id='word_1_97' title='bbox 1424 1292 1513 1367; x_wconf 84' lang='grc' dir='ltr'><strong><em>τάξει</em></strong></span> <span class='ocrx_word' id='word_1_98' title='bbox 1545 1297 1612 1359; x_wconf 90' lang='grc' dir='ltr'><strong>τῶν</strong></span> 
     </span>
     <span class='ocr_line' id='line_1_11' title="bbox 247 1395 1612 1483; baseline -0.004 -18"><span class='ocrx_word' id='word_1_99' title='bbox 247 1395 419 1465; x_wconf 74' lang='grc' dir='ltr'><strong>ὑπατικῶν</strong></span> <span class='ocrx_word' id='word_1_100' title='bbox 442 1396 512 1483; x_wconf 83' lang='grc' dir='ltr'><strong>ἅμα</strong></span> <span class='ocrx_word' id='word_1_101' title='bbox 532 1399 569 1462; x_wconf 89' lang='grc' dir='ltr'><strong>τό</strong></span> <span class='ocrx_word' id='word_1_102' title='bbox 592 1396 829 1482; x_wconf 77' lang='grc' dir='ltr'><em>συμβουλεύειν</em></span> <span class='ocrx_word' id='word_1_103' title='bbox 851 1395 958 1461; x_wconf 80' lang='grc' dir='ltr'><strong><em>δοῦσα</em></strong></span> <span class='ocrx_word' id='word_1_104' title='bbox 980 1399 1172 1474; x_wconf 74' lang='lat' dir='ltr'><strong>(cumularem</strong></span> <span class='ocrx_word' id='word_1_105' title='bbox 1193 1399 1287 1460; x_wconf 77' lang='lat' dir='ltr'><strong>tecum</strong></span> <span class='ocrx_word' id='word_1_106' title='bbox 1308 1399 1394 1460; x_wconf 74' lang='grc' dir='ltr'><strong><em>εῦιιυῦ</em></strong></span> <span class='ocrx_word' id='word_1_107' title='bbox 1409 1401 1482 1461; x_wconf 79' lang='lat' dir='ltr'><strong>dores</strong></span> <span class='ocrx_word' id='word_1_108' title='bbox 1495 1411 1612 1463; x_wconf 71' lang='lat' dir='ltr'><strong>emen-</strong></span> 
     </span>
     <span class='ocr_line' id='line_1_12' title="bbox 247 1496 1614 1586; baseline -0.003 -17"><span class='ocrx_word' id='word_1_109' title='bbox 247 1509 302 1570; x_wconf 84' lang='lat' dir='ltr'><strong>tiae</strong></span> <span class='ocrx_word' id='word_1_110' title='bbox 323 1504 490 1586; x_wconf 74' lang='lat' dir='ltr'><strong>sereodoe),</strong></span> <span class='ocrx_word' id='word_1_111' title='bbox 518 1503 568 1565; x_wconf 93' lang='lat' dir='ltr'><strong>ubi</strong></span> <span class='ocrx_word' id='word_1_112' title='bbox 598 1503 722 1566; x_wconf 88' lang='lat' dir='ltr'><strong>debebat</strong></span> <span class='ocrx_word' id='word_1_113' title='bbox 748 1511 799 1564; x_wconf 91' lang='lat' dir='ltr'><strong>aut</strong></span> <span class='ocrx_word' id='word_1_114' title='bbox 821 1501 857 1564; x_wconf 78' lang='lat' dir='ltr'><strong>dr</strong></span> <span class='ocrx_word' id='word_1_115' title='bbox 881 1511 949 1574; x_wconf 81' lang='grc' dir='ltr'><strong><em>τοῖς</em></strong></span> <span class='ocrx_word' id='word_1_116' title='bbox 972 1496 1147 1574; x_wconf 77' lang='grc' dir='ltr'><strong><em>ὑπατικοῖς</em></strong></span> <span class='ocrx_word' id='word_1_117' title='bbox 1169 1501 1254 1582; x_wconf 76' lang='lat' dir='ltr'><strong>(App.</strong></span> <span class='ocrx_word' id='word_1_118' title='bbox 1271 1500 1299 1562; x_wconf 86' lang='lat' dir='ltr'><strong>b.</strong></span> <span class='ocrx_word' id='word_1_119' title='bbox 1315 1522 1340 1562; x_wconf 90' lang='lat' dir='ltr'><strong>c.</strong></span> <span class='ocrx_word' id='word_1_120' title='bbox 1357 1502 1386 1579; x_wconf 88' lang='lat'><strong>3,</strong></span> <span class='ocrx_word' id='word_1_121' title='bbox 1404 1505 1460 1572; x_wconf 83' lang='lat'><strong>51;</strong></span> <span class='ocrx_word' id='word_1_122' title='bbox 1483 1501 1519 1564; x_wconf 77' lang='grc' dir='ltr'><strong>ἐν</strong></span> <span class='ocrx_word' id='word_1_123' title='bbox 1540 1513 1614 1576; x_wconf 75' lang='grc' dir='ltr'><strong><em>τοῖς</em></strong></span> 
     </span>
     <span class='ocr_line' id='line_1_13' title="bbox 247 1599 1612 1690; baseline 0 -20"><span class='ocrx_word' id='word_1_124' title='bbox 247 1602 476 1690; x_wconf 86' lang='grc' dir='ltr'><strong><em>τεταμιευκόσι</em></strong></span> <span class='ocrx_word' id='word_1_125' title='bbox 508 1605 560 1668; x_wconf 83' lang='lat' dir='ltr'><strong>bio</strong></span> <span class='ocrx_word' id='word_1_126' title='bbox 576 1607 626 1680; x_wconf 88' lang='grc'><strong>46,</strong></span> <span class='ocrx_word' id='word_1_127' title='bbox 643 1605 697 1684; x_wconf 83' lang='grc'><strong>29)</strong></span> <span class='ocrx_word' id='word_1_128' title='bbox 730 1614 781 1668; x_wconf 91' lang='lat' dir='ltr'><strong>aut</strong></span> <span class='ocrx_word' id='word_1_129' title='bbox 812 1603 847 1667; x_wconf 79' lang='grc' dir='ltr'><strong>ἐν</strong></span> <span class='ocrx_word' id='word_1_130' title='bbox 875 1599 1042 1667; x_wconf 77' lang='grc' dir='ltr'><strong><em>ὑπατικοῦ</em></strong></span> <span class='ocrx_word' id='word_1_131' title='bbox 1070 1602 1178 1680; x_wconf 77' lang='grc' dir='ltr'><strong><em>τάξεις</em></strong></span> <span class='ocrx_word' id='word_1_132' title='bbox 1206 1622 1262 1665; x_wconf 90' lang='lat' dir='ltr'><strong>neo</strong></span> <span class='ocrx_word' id='word_1_133' title='bbox 1292 1607 1384 1685; x_wconf 90' lang='lat' dir='ltr'><strong>magis</strong></span> <span class='ocrx_word' id='word_1_134' title='bbox 1413 1616 1493 1668; x_wconf 88' lang='lat' dir='ltr'><strong>recte</strong></span> <span class='ocrx_word' id='word_1_135' title='bbox 1525 1607 1612 1680; x_wconf 67' lang='lat'><strong>128</strong></span> 
     </span>
     <span class='ocr_line' id='line_1_14' title="bbox 247 1701 1613 1793; baseline -0.003 -19"><span class='ocrx_word' id='word_1_136' title='bbox 247 1713 332 1785; x_wconf 75' lang='grc' dir='ltr'><strong><em>θέας</em></strong></span> <span class='ocrx_word' id='word_1_137' title='bbox 355 1705 499 1792; x_wconf 74' lang='grc' dir='ltr'><strong><em>ἐποίησα</em></strong></span> <span class='ocrx_word' id='word_1_138' title='bbox 523 1705 565 1772; x_wconf 78' lang='grc' dir='ltr'><strong><em>δι’</em></strong></span> <span class='ocrx_word' id='word_1_139' title='bbox 588 1707 670 1791; x_wconf 89' lang='grc' dir='ltr'><strong><em>ἐμοῦ</em></strong></span> <span class='ocrx_word' id='word_1_140' title='bbox 690 1709 852 1790; x_wconf 75' lang='grc' dir='ltr'><strong><em>τετράκις,</em></strong></span> <span class='ocrx_word' id='word_1_141' title='bbox 877 1705 934 1770; x_wconf 85' lang='grc' dir='ltr'><strong><em>όιά</em></strong></span> <span class='ocrx_word' id='word_1_142' title='bbox 956 1705 994 1770; x_wconf 79' lang='grc' dir='ltr'><strong><em>δέ</em></strong></span> <span class='ocrx_word' id='word_1_143' title='bbox 1015 1708 1080 1769; x_wconf 91' lang='grc' dir='ltr'><strong>τῶν</strong></span> <span class='ocrx_word' id='word_1_144' title='bbox 1102 1703 1210 1770; x_wconf 78' lang='grc' dir='ltr'><strong><em>ἄλλων</em></strong></span> <span class='ocrx_word' id='word_1_145' title='bbox 1233 1701 1341 1791; x_wconf 77' lang='grc' dir='ltr'><strong><em>ἀρχῶν</em></strong></span> <span class='ocrx_word' id='word_1_146' title='bbox 1368 1706 1404 1771; x_wconf 78' lang='grc' dir='ltr'><strong>ἐν</strong></span> <span class='ocrx_word' id='word_1_147' title='bbox 1425 1711 1517 1793; x_wconf 82' lang='grc' dir='ltr'><strong><em>μέρει</em></strong></span> <span class='ocrx_word' id='word_1_148' title='bbox 1540 1710 1613 1790; x_wconf 80' lang='grc' dir='ltr'><strong><em>τρὶς</em></strong></span> 
     </span>
     <span class='ocr_line' id='line_1_15' title="bbox 248 1808 1612 1896; baseline -0.003 -18"><span class='ocrx_word' id='word_1_149' title='bbox 248 1813 304 1878; x_wconf 77' lang='grc' dir='ltr'><strong><em>καὶ</em></strong></span> <span class='ocrx_word' id='word_1_150' title='bbox 328 1809 493 1886; x_wconf 76' lang='grc' dir='ltr'><strong><em>εἰκοσάκις</em></strong></span> <span class='ocrx_word' id='word_1_151' title='bbox 516 1813 653 1892; x_wconf 78' lang='lat' dir='ltr'><strong>(oliorum</strong></span> <span class='ocrx_word' id='word_1_152' title='bbox 674 1815 895 1891; x_wconf 76' lang='lat' dir='ltr'><strong>magistratuum</strong></span> <span class='ocrx_word' id='word_1_153' title='bbox 914 1814 1014 1886; x_wconf 80' lang='lat' dir='ltr'><strong>vicem)</strong></span> <span class='ocrx_word' id='word_1_154' title='bbox 1030 1810 1147 1892; x_wconf 88' lang='lat' dir='ltr'><strong>scripsit</strong></span> <span class='ocrx_word' id='word_1_155' title='bbox 1168 1831 1222 1892; x_wconf 94' lang='lat' dir='ltr'><strong>pro</strong></span> <span class='ocrx_word' id='word_1_156' title='bbox 1243 1811 1287 1874; x_wconf 82' lang='grc' dir='ltr'><strong><em>δι’</em></strong></span> <span class='ocrx_word' id='word_1_157' title='bbox 1303 1811 1411 1879; x_wconf 77' lang='grc' dir='ltr'><strong><em>ἄλλων</em></strong></span> <span class='ocrx_word' id='word_1_158' title='bbox 1432 1812 1471 1876; x_wconf 73' lang='grc' dir='ltr'><strong>δὲ</strong></span> <span class='ocrx_word' id='word_1_159' title='bbox 1493 1808 1612 1896; x_wconf 80' lang='grc' dir='ltr'><strong><em>ἀρχῶν.</em></strong></span> 
     </span>
     <span class='ocr_line' id='line_1_16' title="bbox 249 1909 1614 2002; baseline -0.001 -23"><span class='ocrx_word' id='word_1_160' title='bbox 249 1917 325 1980; x_wconf 89' lang='lat' dir='ltr'><strong>ltem</strong></span> <span class='ocrx_word' id='word_1_161' title='bbox 349 1917 479 1978; x_wconf 89' lang='lat' dir='ltr'><strong>abundat</strong></span> <span class='ocrx_word' id='word_1_162' title='bbox 504 1915 644 1977; x_wconf 81' lang='lat' dir='ltr'><strong>articulus</strong></span> <span class='ocrx_word' id='word_1_163' title='bbox 670 1914 753 1989; x_wconf 86' lang='lat'><strong>14,3</strong></span> <span class='ocrx_word' id='word_1_164' title='bbox 777 1913 896 1978; x_wconf 82' lang='grc' dir='ltr'><strong><em>πασῶν</em></strong></span> <span class='ocrx_word' id='word_1_165' title='bbox 917 1912 1099 1997; x_wconf 78' lang='grc' dir='ltr'><strong><em>ἐπαρχιῶν,</em></strong></span> <span class='ocrx_word' id='word_1_166' title='bbox 1123 1912 1177 1986; x_wconf 74' lang='grc' dir='ltr'><strong>αἷς</strong></span> <span class='ocrx_word' id='word_1_167' title='bbox 1200 1909 1305 1997; x_wconf 87' lang='grc' dir='ltr'><strong><em>ὅμορα</em></strong></span> <span class='ocrx_word' id='word_1_168' title='bbox 1330 1911 1370 1999; x_wconf 79' lang='grc' dir='ltr'><strong>ἦν</strong></span> <span class='ocrx_word' id='word_1_169' title='bbox 1396 1915 1481 2000; x_wconf 74' lang='grc' dir='ltr'><strong><em>ἔθνη</em></strong></span> <span class='ocrx_word' id='word_1_170' title='bbox 1503 1916 1544 1978; x_wconf 87' lang='grc' dir='ltr'><strong>τά</strong></span> <span class='ocrx_word' id='word_1_171' title='bbox 1566 1919 1614 2002; x_wconf 70' lang='grc' dir='ltr'><strong>μὴ</strong></span> 
     </span>
     <span class='ocr_line' id='line_1_17' title="bbox 250 2009 1613 2102; baseline 0.001 -20"><span class='ocrx_word' id='word_1_172' title='bbox 250 2015 509 2098; x_wconf 88' lang='grc' dir='ltr'><strong><em>ὑποτασσόμενα</em></strong></span> <span class='ocrx_word' id='word_1_173' title='bbox 531 2019 570 2102; x_wconf 81' lang='grc' dir='ltr'><strong>τῇ</strong></span> <span class='ocrx_word' id='word_1_174' title='bbox 594 2011 734 2102; x_wconf 80' lang='grc' dir='ltr'><strong><em>ἡμετέρᾳ</em></strong></span> <span class='ocrx_word' id='word_1_175' title='bbox 757 2009 930 2100; x_wconf 76' lang='grc' dir='ltr'><strong><em>ἡγεμονίᾳ,</em></strong></span> <span class='ocrx_word' id='word_1_176' title='bbox 959 2016 1010 2078; x_wconf 92' lang='lat' dir='ltr'><strong>nbi</strong></span> <span class='ocrx_word' id='word_1_177' title='bbox 1036 2037 1095 2079; x_wconf 93' lang='lat' dir='ltr'><strong>non</strong></span> <span class='ocrx_word' id='word_1_178' title='bbox 1122 2019 1269 2100; x_wconf 82' lang='lat' dir='ltr'><strong>reputavit</strong></span> <span class='ocrx_word' id='word_1_179' title='bbox 1295 2020 1442 2100; x_wconf 86' lang='lat' dir='ltr'><strong>interpres</strong></span> <span class='ocrx_word' id='word_1_180' title='bbox 1469 2040 1543 2100; x_wconf 90' lang='lat' dir='ltr'><strong>quae</strong></span> <span class='ocrx_word' id='word_1_181' title='bbox 1566 2022 1613 2083; x_wconf 83' lang='lat' dir='ltr'><strong>ris</strong></span> 
     </span>
     <span class='ocr_line' id='line_1_18' title="bbox 249 2119 1614 2204; baseline 0.001 -19"><span class='ocrx_word' id='word_1_182' title='bbox 249 2132 328 2185; x_wconf 88' lang='lat' dir='ltr'><strong>esset</strong></span> <span class='ocrx_word' id='word_1_183' title='bbox 356 2121 534 2184; x_wconf 84' lang='lat' dir='ltr'><strong>coniunctivi</strong></span> <span class='ocrx_word' id='word_1_184' title='bbox 563 2121 594 2183; x_wconf 94' lang='lat' dir='ltr'><strong>in</strong></span> <span class='ocrx_word' id='word_1_185' title='bbox 621 2119 717 2181; x_wconf 88' lang='lat' dir='ltr'><strong>verbis</strong></span> <span class='ocrx_word' id='word_1_186' title='bbox 748 2121 873 2200; x_wconf 80' lang='lat' dir='ltr'><strong>Augusti</strong></span> <span class='ocrx_word' id='word_1_187' title='bbox 901 2121 1001 2202; x_wconf 77' lang='lat' dir='ltr'><strong>qulbus</strong></span> <span class='ocrx_word' id='word_1_188' title='bbox 1027 2121 1165 2201; x_wconf 72' lang='lat' dir='ltr'><strong>finitimae</strong></span> <span class='ocrx_word' id='word_1_189' title='bbox 1191 2125 1314 2202; x_wconf 78' lang='lat' dir='ltr'><strong>sument</strong></span> <span class='ocrx_word' id='word_1_190' title='bbox 1333 2134 1428 2202; x_wconf 78' lang='lat' dir='ltr'><strong>pentes</strong></span> <span class='ocrx_word' id='word_1_191' title='bbox 1449 2144 1522 2204; x_wconf 85' lang='lat' dir='ltr'><strong>quoe</strong></span> <span class='ocrx_word' id='word_1_192' title='bbox 1553 2145 1614 2187; x_wconf 86' lang='grc' dir='ltr'><strong><em>ιιοιι</em></strong></span> 
     </span>
     <span class='ocr_line' id='line_1_19' title="bbox 247 2223 1612 2308; baseline 0.001 -20"><span class='ocrx_word' id='word_1_193' title='bbox 247 2238 399 2308; x_wconf 78' lang='lat' dir='ltr'><strong>porereot3</strong></span> <span class='ocrx_word' id='word_1_194' title='bbox 421 2243 489 2287; x_wconf 91' lang='lat' dir='ltr'><strong>nam</strong></span> <span class='ocrx_word' id='word_1_195' title='bbox 512 2231 590 2286; x_wconf 90' lang='lat' dir='ltr'><strong>reete</strong></span> <span class='ocrx_word' id='word_1_196' title='bbox 608 2233 747 2304; x_wconf 74' lang='lat' dir='ltr'><strong>parerent</strong></span> <span class='ocrx_word' id='word_1_197' title='bbox 769 2223 799 2285; x_wconf 90' lang='lat' dir='ltr'><strong>in</strong></span> <span class='ocrx_word' id='word_1_198' title='bbox 814 2224 918 2284; x_wconf 91' lang='lat' dir='ltr'><strong>lacuna</strong></span> <span class='ocrx_word' id='word_1_199' title='bbox 940 2223 1110 2304; x_wconf 90' lang='lat' dir='ltr'><strong>suppletum</strong></span> <span class='ocrx_word' id='word_1_200' title='bbox 1133 2243 1198 2286; x_wconf 88' lang='lat' dir='ltr'><strong>esse</strong></span> <span class='ocrx_word' id='word_1_201' title='bbox 1219 2244 1307 2287; x_wconf 93' lang='lat' dir='ltr'><strong>nemo</strong></span> <span class='ocrx_word' id='word_1_202' title='bbox 1329 2226 1457 2304; x_wconf 84' lang='lat' dir='ltr'><strong>negabit.</strong></span> <span class='ocrx_word' id='word_1_203' title='bbox 1502 2228 1612 2289; x_wconf 87' lang='lat' dir='ltr'><strong>Contra</strong></span> 
     </span>
     <span class='ocr_line' id='line_1_20' title="bbox 249 2323 1614 2413; baseline 0.001 -22"><span class='ocrx_word' id='word_1_204' title='bbox 249 2328 396 2391; x_wconf 89' lang='lat' dir='ltr'><strong>omittitur</strong></span> <span class='ocrx_word' id='word_1_205' title='bbox 410 2329 552 2390; x_wconf 91' lang='lat' dir='ltr'><strong>articulus</strong></span> <span class='ocrx_word' id='word_1_206' title='bbox 567 2344 721 2408; x_wconf 87' lang='lat' dir='ltr'><strong>perperam</strong></span> <span class='ocrx_word' id='word_1_207' title='bbox 748 2328 795 2400; x_wconf 92' lang='lat'><strong>11,</strong></span> <span class='ocrx_word' id='word_1_208' title='bbox 812 2327 830 2388; x_wconf 77' lang='grc' dir='ltr'><strong><em>Ἰ</em></strong></span> <span class='ocrx_word' id='word_1_209' title='bbox 848 2323 926 2388; x_wconf 84' lang='grc' dir='ltr'><strong><em>ὁδὸν</em></strong></span> <span class='ocrx_word' id='word_1_210' title='bbox 942 2324 1148 2408; x_wconf 60' lang='lat' dir='ltr'><strong>«stammas,</strong></span> <span class='ocrx_word' id='word_1_211' title='bbox 1173 2330 1221 2402; x_wconf 88' lang='lat'><strong>15,</strong></span> <span class='ocrx_word' id='word_1_212' title='bbox 1238 2330 1256 2390; x_wconf 84' lang='lat'>5</span> <span class='ocrx_word' id='word_1_213' title='bbox 1272 2324 1399 2409; x_wconf 76' lang='grc' dir='ltr'><strong><em>μᾶλλον</em></strong></span> <span class='ocrx_word' id='word_1_214' title='bbox 1421 2326 1614 2413; x_wconf 69' lang='grc' dir='ltr'><strong><em>ἐβουλήθην</em></strong></span> 
     </span>
     <span class='ocr_line' id='line_1_21' title="bbox 248 2424 1614 2514; baseline 0.003 -22"><span class='ocrx_word' id='word_1_215' title='bbox 248 2427 423 2513; x_wconf 77' lang='grc' dir='ltr'><strong><em>βασιλείαν</em></strong></span> <span class='ocrx_word' id='word_1_216' title='bbox 450 2427 597 2514; x_wconf 78' lang='grc' dir='ltr'><strong><em>Τιγράνῃ</em></strong></span> <span class='ocrx_word' id='word_1_217' title='bbox 621 2428 748 2502; x_wconf 82' lang='grc' dir='ltr'><strong><em>δοῦναι,</em></strong></span> <span class='ocrx_word' id='word_1_218' title='bbox 770 2429 819 2491; x_wconf 92' lang='lat' dir='ltr'><strong>ubi</strong></span> <span class='ocrx_word' id='word_1_219' title='bbox 837 2429 862 2490; x_wconf 86' lang='lat' dir='ltr'><strong>si</strong></span> <span class='ocrx_word' id='word_1_220' title='bbox 885 2429 984 2491; x_wconf 91' lang='lat' dir='ltr'><strong>miuus</strong></span> <span class='ocrx_word' id='word_1_221' title='bbox 1006 2424 1127 2512; x_wconf 87' lang='grc' dir='ltr'><strong><em>ταότην</em></strong></span> <span class='ocrx_word' id='word_1_222' title='bbox 1148 2429 1207 2513; x_wconf 76' lang='grc' dir='ltr'><strong>τὴν</strong></span> <span class='ocrx_word' id='word_1_223' title='bbox 1228 2427 1403 2510; x_wconf 78' lang='grc' dir='ltr'><strong><em>βασιλείαν</em></strong></span> <span class='ocrx_word' id='word_1_224' title='bbox 1427 2432 1561 2513; x_wconf 76' lang='lat' dir='ltr'><strong>(regnum</strong></span> <span class='ocrx_word' id='word_1_225' title='bbox 1582 2437 1614 2496; x_wconf 82' lang='lat' dir='ltr'><strong>id</strong></span> 
     </span>
     <span class='ocr_line' id='line_1_22' title="bbox 249 2530 1614 2617; baseline 0.003 -21"><span class='ocrx_word' id='word_1_226' title='bbox 249 2534 378 2614; x_wconf 83' lang='lat' dir='ltr'><strong>Latine),</strong></span> <span class='ocrx_word' id='word_1_227' title='bbox 406 2544 436 2596; x_wconf 92' lang='lat' dir='ltr'><strong>at</strong></span> <span class='ocrx_word' id='word_1_228' title='bbox 463 2533 521 2617; x_wconf 75' lang='grc' dir='ltr'><strong>τήν</strong></span> <span class='ocrx_word' id='word_1_229' title='bbox 548 2530 724 2616; x_wconf 75' lang='grc' dir='ltr'><strong><em>βασιλείαν</em></strong></span> <span class='ocrx_word' id='word_1_230' title='bbox 751 2539 830 2594; x_wconf 89' lang='lat' dir='ltr'><strong>certo</strong></span> <span class='ocrx_word' id='word_1_231' title='bbox 862 2532 1005 2613; x_wconf 89' lang='lat' dir='ltr'><strong>seriptum</strong></span> <span class='ocrx_word' id='word_1_232' title='bbox 1034 2533 1179 2613; x_wconf 78' lang='lat' dir='ltr'><strong>oportuit3</strong></span> <span class='ocrx_word' id='word_1_233' title='bbox 1212 2535 1259 2607; x_wconf 85' lang='lat'><strong>10,</strong></span> <span class='ocrx_word' id='word_1_234' title='bbox 1280 2533 1321 2594; x_wconf 89' lang='grc'><strong>22</strong></span> <span class='ocrx_word' id='word_1_235' title='bbox 1348 2533 1470 2615; x_wconf 82' lang='grc' dir='ltr'><strong><em>μεταξὺ</em></strong></span> <span class='ocrx_word' id='word_1_236' title='bbox 1495 2537 1555 2598; x_wconf 93' lang='grc' dir='ltr'><strong>τοῦ</strong></span> <span class='ocrx_word' id='word_1_237' title='bbox 1578 2559 1614 2600; x_wconf 87' lang='grc' dir='ltr'><strong>τε</strong></span> 
     </span>
     <span class='ocr_line' id='line_1_23' title="bbox 245 2629 1614 2722; baseline 0.001 -21"><span class='ocrx_word' id='word_1_238' title='bbox 245 2637 330 2702; x_wconf 83' lang='grc' dir='ltr'><strong><em>ναοῦ</em></strong></span> <span class='ocrx_word' id='word_1_239' title='bbox 357 2637 421 2699; x_wconf 89' lang='grc' dir='ltr'><strong>τῶν</strong></span> <span class='ocrx_word' id='word_1_240' title='bbox 449 2634 644 2718; x_wconf 85' lang='grc' dir='ltr'><strong><em>Διοσκόρων</em></strong></span> <span class='ocrx_word' id='word_1_241' title='bbox 671 2633 726 2696; x_wconf 84' lang='grc' dir='ltr'><strong><em>καὶ</em></strong></span> <span class='ocrx_word' id='word_1_242' title='bbox 760 2629 887 2716; x_wconf 82' lang='grc' dir='ltr'><strong><em>Κρόνου</em></strong></span> <span class='ocrx_word' id='word_1_243' title='bbox 913 2655 968 2716; x_wconf 94' lang='lat' dir='ltr'><strong>pro</strong></span> <span class='ocrx_word' id='word_1_244' title='bbox 991 2634 1047 2696; x_wconf 79' lang='grc' dir='ltr'><strong><em>καὶ</em></strong></span> <span class='ocrx_word' id='word_1_245' title='bbox 1076 2637 1134 2701; x_wconf 90' lang='grc' dir='ltr'><strong>τοῦ</strong></span> <span class='ocrx_word' id='word_1_246' title='bbox 1163 2632 1309 2718; x_wconf 79' lang='grc' dir='ltr'><strong><em>Κρόνους</em></strong></span> <span class='ocrx_word' id='word_1_247' title='bbox 1341 2638 1431 2711; x_wconf 87' lang='grc'><strong>12,3</strong></span> <span class='ocrx_word' id='word_1_248' title='bbox 1465 2636 1536 2721; x_wconf 75' lang='grc' dir='ltr'><strong><em>τρὶς</em></strong></span> <span class='ocrx_word' id='word_1_249' title='bbox 1564 2641 1614 2722; x_wconf 77' lang='grc' dir='ltr'><strong>τῷ</strong></span> 
     </span>
     <span class='ocr_line' id='line_1_24' title="bbox 248 2733 1613 2824; baseline 0.004 -22"><span class='ocrx_word' id='word_1_250' title='bbox 248 2739 317 2824; x_wconf 73' lang='grc' dir='ltr'><strong><em>ἐμοῦ</em></strong></span> <span class='ocrx_word' id='word_1_251' title='bbox 339 2733 477 2821; x_wconf 78' lang='grc' dir='ltr'><strong><em>ὀνόματι</em></strong></span> <span class='ocrx_word' id='word_1_252' title='bbox 506 2738 562 2800; x_wconf 76' lang='grc' dir='ltr'><strong><em>καὶ</em></strong></span> <span class='ocrx_word' id='word_1_253' title='bbox 592 2733 747 2811; x_wconf 85' lang='grc' dir='ltr'><strong><em>πεντάκις</em></strong></span> <span class='ocrx_word' id='word_1_254' title='bbox 774 2737 839 2800; x_wconf 91' lang='grc' dir='ltr'><strong>τῶν</strong></span> <span class='ocrx_word' id='word_1_255' title='bbox 867 2734 950 2801; x_wconf 77' lang='grc' dir='ltr'><strong><em>υἱῶν</em></strong></span> <span class='ocrx_word' id='word_1_256' title='bbox 978 2761 1042 2821; x_wconf 90' lang='grc' dir='ltr'><strong>μου</strong></span> <span class='ocrx_word' id='word_1_257' title='bbox 1071 2744 1110 2820; x_wconf 83' lang='lat' dir='ltr'><strong>(et</strong></span> <span class='ocrx_word' id='word_1_258' title='bbox 1132 2744 1298 2822; x_wconf 68' lang='lat' dir='ltr'><strong>quinquiens</strong></span> <span class='ocrx_word' id='word_1_259' title='bbox 1325 2742 1455 2823; x_wconf 74' lang='lat' dir='ltr'><strong>filim-um</strong></span> <span class='ocrx_word' id='word_1_260' title='bbox 1481 2761 1613 2806; x_wconf 73' lang='lat' dir='ltr'><strong>meorum</strong></span> 
     </span>
     <span class='ocr_line' id='line_1_25' title="bbox 247 2832 1614 2926; baseline 0.003 -20"><span class='ocrx_word' id='word_1_261' title='bbox 247 2839 374 2923; x_wconf 80' lang='lat' dir='ltr'><strong>nomine)</strong></span> <span class='ocrx_word' id='word_1_262' title='bbox 402 2861 455 2922; x_wconf 93' lang='lat' dir='ltr'><strong>pro</strong></span> <span class='ocrx_word' id='word_1_263' title='bbox 488 2843 533 2926; x_wconf 78' lang='grc' dir='ltr'><strong>τῷ</strong></span> <span class='ocrx_word' id='word_1_264' title='bbox 561 2841 626 2905; x_wconf 93' lang='grc' dir='ltr'><strong>τῶν</strong></span> <span class='ocrx_word' id='word_1_265' title='bbox 653 2832 734 2904; x_wconf 72' lang='grc' dir='ltr'><strong><em>υἱῶν</em></strong></span> <span class='ocrx_word' id='word_1_266' title='bbox 765 2861 829 2923; x_wconf 93' lang='grc' dir='ltr'><strong>μου</strong></span> <span class='ocrx_word' id='word_1_267' title='bbox 863 2842 928 2904; x_wconf 87' lang='lat' dir='ltr'><strong>coll.</strong></span> <span class='ocrx_word' id='word_1_268' title='bbox 948 2843 995 2918; x_wconf 93' lang='grc'><strong>12,</strong></span> <span class='ocrx_word' id='word_1_269' title='bbox 1013 2846 1048 2919; x_wconf 86' lang='grc'><strong>7;</strong></span> <span class='ocrx_word' id='word_1_270' title='bbox 1077 2844 1150 2905; x_wconf 91' lang='lat' dir='ltr'><strong>adde</strong></span> <span class='ocrx_word' id='word_1_271' title='bbox 1182 2845 1261 2923; x_wconf 93' lang='lat' dir='ltr'><strong>quod</strong></span> <span class='ocrx_word' id='word_1_272' title='bbox 1286 2845 1427 2925; x_wconf 77' lang='lat' dir='ltr'><strong>populum</strong></span> <span class='ocrx_word' id='word_1_273' title='bbox 1447 2845 1614 2910; x_wconf 75' lang='lat' dir='ltr'><strong>domuerant</strong></span> 
     </span>
     <span class='ocr_line' id='line_1_26' title="bbox 248 2941 1614 3031; baseline 0.004 -25"><span class='ocrx_word' id='word_1_274' title='bbox 248 2945 426 3026; x_wconf 86' lang='lat' dir='ltr'><strong>quinquiens</strong></span> <span class='ocrx_word' id='word_1_275' title='bbox 454 2947 541 3008; x_wconf 86' lang='lat' dir='ltr'><strong>vertit</strong></span> <span class='ocrx_word' id='word_1_276' title='bbox 566 2943 623 3007; x_wconf 81' lang='lat' dir='ltr'><strong>cdv</strong></span> <span class='ocrx_word' id='word_1_277' title='bbox 646 2942 752 3027; x_wconf 82' lang='grc' dir='ltr'><strong><em>δῆμον</em></strong></span> <span class='ocrx_word' id='word_1_278' title='bbox 773 2941 838 3004; x_wconf 85' lang='grc' dir='ltr'><strong>τῶν</strong></span> <span class='ocrx_word' id='word_1_279' title='bbox 861 2943 966 3022; x_wconf 89' lang='lat' dir='ltr'><strong>(semel</strong></span> <span class='ocrx_word' id='word_1_280' title='bbox 987 2947 1097 3008; x_wconf 88' lang='lat' dir='ltr'><strong>rectius</strong></span> <span class='ocrx_word' id='word_1_281' title='bbox 1119 2966 1177 3010; x_wconf 89' lang='grc' dir='ltr'><strong>του</strong></span> <span class='ocrx_word' id='word_1_282' title='bbox 1199 2945 1306 3031; x_wconf 83' lang='grc' dir='ltr'><strong><em>δήμου</em></strong></span> <span class='ocrx_word' id='word_1_283' title='bbox 1327 2946 1387 3010; x_wconf 91' lang='grc' dir='ltr'><strong>τοῦ</strong></span> <span class='ocrx_word' id='word_1_284' title='bbox 1408 2968 1489 3010; x_wconf 92' lang='lat' dir='ltr'><strong>mon.</strong></span> <span class='ocrx_word' id='word_1_285' title='bbox 1505 2950 1614 3030; x_wconf 78' lang='lat' dir='ltr'><strong>Apoll.)</strong></span> 
     </span>
     <span class='ocr_line' id='line_1_27' title="bbox 245 3041 1614 3131; baseline 0.004 -21"><span class='ocrx_word' id='word_1_286' title='bbox 245 3043 429 3129; x_wconf 76' lang='grc' dir='ltr'><strong>Ῥωμαίων,</strong></span> <span class='ocrx_word' id='word_1_287' title='bbox 453 3047 565 3110; x_wconf 87' lang='lat' dir='ltr'><strong>octiens</strong></span> <span class='ocrx_word' id='word_1_288' title='bbox 587 3067 656 3110; x_wconf 83' lang='lat' dir='ltr'><strong>vero</strong></span> <span class='ocrx_word' id='word_1_289' title='bbox 678 3045 785 3131; x_wconf 81' lang='grc' dir='ltr'><strong><em>δῆμον</em></strong></span> <span class='ocrx_word' id='word_1_290' title='bbox 805 3041 984 3127; x_wconf 74' lang='grc' dir='ltr'><strong><em>Ῥωμαίων.</em></strong></span> <span class='ocrx_word' id='word_1_291' title='bbox 1027 3049 1116 3111; x_wconf 85' lang='lat' dir='ltr'><strong>Deest</strong></span> <span class='ocrx_word' id='word_1_292' title='bbox 1137 3049 1278 3112; x_wconf 87' lang='lat' dir='ltr'><strong>articulus</strong></span> <span class='ocrx_word' id='word_1_293' title='bbox 1299 3051 1449 3113; x_wconf 89' lang='lat' dir='ltr'><strong>interdum</strong></span> <span class='ocrx_word' id='word_1_294' title='bbox 1472 3054 1614 3116; x_wconf 89' lang='lat' dir='ltr'><strong>substan·</strong></span> 
     </span>
     <span class='ocr_line' id='line_1_28' title="bbox 250 3143 1614 3238; baseline 0.004 -26"><span class='ocrx_word' id='word_1_295' title='bbox 250 3149 316 3214; x_wconf 87' lang='lat' dir='ltr'><strong>tivis</strong></span> <span class='ocrx_word' id='word_1_296' title='bbox 338 3150 446 3231; x_wconf 91' lang='lat' dir='ltr'><strong>quibus</strong></span> <span class='ocrx_word' id='word_1_297' title='bbox 470 3143 565 3224; x_wconf 86' lang='grc' dir='ltr'><strong><em>οὗτος</em></strong></span> <span class='ocrx_word' id='word_1_298' title='bbox 586 3151 631 3213; x_wconf 87' lang='lat' dir='ltr'><strong>rel</strong></span> <span class='ocrx_word' id='word_1_299' title='bbox 653 3149 773 3223; x_wconf 73' lang='grc' dir='ltr'><strong><em>ἐκεῖνος</em></strong></span> <span class='ocrx_word' id='word_1_300' title='bbox 803 3151 978 3232; x_wconf 88' lang='lat' dir='ltr'><strong>pronomina</strong></span> <span class='ocrx_word' id='word_1_301' title='bbox 1000 3152 1098 3215; x_wconf 90' lang='lat' dir='ltr'><strong>addita</strong></span> <span class='ocrx_word' id='word_1_302' title='bbox 1119 3162 1204 3227; x_wconf 90' lang='lat' dir='ltr'><strong>sunt,</strong></span> <span class='ocrx_word' id='word_1_303' title='bbox 1236 3154 1322 3227; x_wconf 83' lang='lat'><strong>8,17</strong></span> <span class='ocrx_word' id='word_1_304' title='bbox 1347 3146 1441 3228; x_wconf 85' lang='grc' dir='ltr'><strong><em>οὗτος</em></strong></span> <span class='ocrx_word' id='word_1_305' title='bbox 1463 3150 1614 3238; x_wconf 74' lang='grc' dir='ltr'><strong><em>ἀριθμός</em></strong></span> 
     </span>
    </p>
   </div>
   <div class='ocr_carea' id='block_1_3' title="bbox 248 3237 1746 3344">
    <p class='ocr_par' dir='ltr' id='par_1_3' title="bbox 248 3237 1746 3344">
     <span class='ocr_line' id='line_1_29' title="bbox 248 3237 1746 3344; baseline 0.003 -24"><span class='ocrx_word' id='word_1_306' title='bbox 248 3251 375 3320; x_wconf 76' lang='grc' dir='ltr'><strong><em>πλείων</em></strong></span> <span class='ocrx_word' id='word_1_307' title='bbox 397 3290 438 3301; x_wconf 86' lang='lat'><em>-</em></span> <span class='ocrx_word' id='word_1_308' title='bbox 460 3249 621 3339; x_wconf 72' lang='grc' dir='ltr'><strong>ὑπῆρχεν,</strong></span> <span class='ocrx_word' id='word_1_309' title='bbox 647 3255 696 3328; x_wconf 88' lang='grc'><strong>16,</strong></span> <span class='ocrx_word' id='word_1_310' title='bbox 715 3255 752 3316; x_wconf 82' lang='lat'><strong>17</strong></span> <span class='ocrx_word' id='word_1_311' title='bbox 771 3251 837 3337; x_wconf 85' lang='grc' dir='ltr'><strong>πρὸ</strong></span> <span class='ocrx_word' id='word_1_312' title='bbox 852 3250 971 3317; x_wconf 84' lang='grc' dir='ltr'><strong><em>τούτου</em></strong></span> <span class='ocrx_word' id='word_1_313' title='bbox 985 3252 1115 3337; x_wconf 85' lang='grc' dir='ltr'><strong><em>χρόνον,</em></strong></span> <span class='ocrx_word' id='word_1_314' title='bbox 1139 3256 1187 3332; x_wconf 91' lang='grc'><strong>12,</strong></span> <span class='ocrx_word' id='word_1_315' title='bbox 1206 3258 1245 3318; x_wconf 85' lang='grc'><strong>14</strong></span> <span class='ocrx_word' id='word_1_316' title='bbox 1259 3257 1327 3339; x_wconf 83' lang='grc' dir='ltr'><strong><em>μετ’</em></strong></span> <span class='ocrx_word' id='word_1_317' title='bbox 1343 3255 1472 3321; x_wconf 69' lang='grc' dir='ltr'><strong><em>ἐκεῖνον</em></strong></span> <span class='ocrx_word' id='word_1_318' title='bbox 1485 3256 1611 3344; x_wconf 88' lang='grc' dir='ltr'><strong><em>χρόνον.</em></strong></span> <span class='ocrx_word' id='word_1_319' title='bbox 1630 3313 1637 3326; x_wconf 94' lang='grc'><em>.</em></span> <span class='ocrx_word' id='word_1_320' title='bbox 1745 3237 1746 3262; x_wconf 23' lang='grc' dir='ltr'>ἢ</span> 
     </span>
    </p>
   </div>
   <div class='ocr_carea' id='block_1_4' title="bbox 247 3353 1614 4786">
    <p class='ocr_par' dir='ltr' id='par_1_4' title="bbox 247 3353 1614 4786">
     <span class='ocr_line' id='line_1_30' title="bbox 249 3353 1611 3444; baseline 0.005 -27"><span class='ocrx_word' id='word_1_321' title='bbox 249 3355 376 3420; x_wconf 84' lang='lat' dir='ltr'><strong>interest</strong></span> <span class='ocrx_word' id='word_1_322' title='bbox 403 3357 512 3438; x_wconf 89' lang='lat' dir='ltr'><strong>aliquid</strong></span> <span class='ocrx_word' id='word_1_323' title='bbox 539 3358 617 3420; x_wconf 91' lang='lat' dir='ltr'><strong>inter</strong></span> <span class='ocrx_word' id='word_1_324' title='bbox 644 3353 760 3431; x_wconf 82' lang='grc' dir='ltr'><strong><em>στόλος</em></strong></span> <span class='ocrx_word' id='word_1_325' title='bbox 788 3355 867 3438; x_wconf 79' lang='grc' dir='ltr'><strong><em>ἐμός</em></strong></span> <span class='ocrx_word' id='word_1_326' title='bbox 894 3366 925 3419; x_wconf 90' lang='lat' dir='ltr'><strong>et</strong></span> <span class='ocrx_word' id='word_1_327' title='bbox 947 3354 965 3420; x_wconf 88' lang='grc' dir='ltr'><strong><em>ό</em></strong></span> <span class='ocrx_word' id='word_1_328' title='bbox 988 3357 1067 3442; x_wconf 87' lang='grc' dir='ltr'><strong><em>ἐμός</em></strong></span> <span class='ocrx_word' id='word_1_329' title='bbox 1090 3355 1215 3433; x_wconf 80' lang='grc' dir='ltr'><strong><em>στόλος,</em></strong></span> <span class='ocrx_word' id='word_1_330' title='bbox 1237 3369 1268 3422; x_wconf 90' lang='lat' dir='ltr'><strong>et</strong></span> <span class='ocrx_word' id='word_1_331' title='bbox 1289 3371 1368 3422; x_wconf 88' lang='lat' dir='ltr'><strong>reete</strong></span> <span class='ocrx_word' id='word_1_332' title='bbox 1391 3358 1508 3436; x_wconf 78' lang='grc' dir='ltr'><strong><em>στόλος</em></strong></span> <span class='ocrx_word' id='word_1_333' title='bbox 1533 3361 1611 3444; x_wconf 85' lang='grc' dir='ltr'><strong><em>ἐμὸς</em></strong></span> 
     </span>
     <span class='ocr_line' id='line_1_31' title="bbox 249 3458 1612 3550; baseline 0.004 -27"><span class='ocrx_word' id='word_1_334' title='bbox 249 3461 391 3541; x_wconf 86' lang='lat' dir='ltr'><strong>scriptum</strong></span> <span class='ocrx_word' id='word_1_335' title='bbox 416 3469 461 3524; x_wconf 88' lang='lat' dir='ltr'><strong>est</strong></span> <span class='ocrx_word' id='word_1_336' title='bbox 486 3463 610 3537; x_wconf 88' lang='grc'><strong>14,10;</strong></span> <span class='ocrx_word' id='word_1_337' title='bbox 634 3481 668 3524; x_wconf 96' lang='lat' dir='ltr'><strong>eo</strong></span> <span class='ocrx_word' id='word_1_338' title='bbox 690 3460 912 3522; x_wconf 81' lang='grc' dir='ltr'><strong><em>1οΙείυεευῑουι</em></strong></span> <span class='ocrx_word' id='word_1_339' title='bbox 939 3462 965 3534; x_wconf 88' lang='lat'><strong>1,</strong></span> <span class='ocrx_word' id='word_1_340' title='bbox 985 3461 1047 3522; x_wconf 92' lang='grc'><strong>1.2</strong></span> <span class='ocrx_word' id='word_1_341' title='bbox 1071 3460 1132 3550; x_wconf 80' lang='grc' dir='ltr'><strong>ἐμῇ</strong></span> <span class='ocrx_word' id='word_1_342' title='bbox 1154 3458 1265 3544; x_wconf 77' lang='grc' dir='ltr'><strong><em>γνῶμῃ</em></strong></span> <span class='ocrx_word' id='word_1_343' title='bbox 1289 3461 1345 3524; x_wconf 83' lang='grc' dir='ltr'><strong><em>καὶ</em></strong></span> <span class='ocrx_word' id='word_1_344' title='bbox 1368 3461 1463 3545; x_wconf 77' lang='grc' dir='ltr'><strong><em>ἐμοῖς</em></strong></span> <span class='ocrx_word' id='word_1_345' title='bbox 1484 3461 1612 3529; x_wconf 77' lang='grc' dir='ltr'><strong><em>ἀναλῶ-</em></strong></span> 
     </span>
     <span class='ocr_line' id='line_1_32' title="bbox 249 3558 1610 3655; baseline 0.002 -30"><span class='ocrx_word' id='word_1_346' title='bbox 249 3579 353 3646; x_wconf 91' lang='grc' dir='ltr'><strong><em>μασιν</em></strong></span> <span class='ocrx_word' id='word_1_347' title='bbox 374 3569 488 3642; x_wconf 78' lang='lat' dir='ltr'><strong>(contra</strong></span> <span class='ocrx_word' id='word_1_348' title='bbox 511 3574 590 3627; x_wconf 86' lang='lat' dir='ltr'><strong>recte</strong></span> <span class='ocrx_word' id='word_1_349' title='bbox 614 3565 699 3638; x_wconf 82' lang='grc'><strong>9,16</strong></span> <span class='ocrx_word' id='word_1_350' title='bbox 722 3565 761 3651; x_wconf 76' lang='grc' dir='ltr'><strong>τῇ</strong></span> <span class='ocrx_word' id='word_1_351' title='bbox 783 3561 845 3651; x_wconf 79' lang='grc' dir='ltr'><strong>ἐμῇ</strong></span> <span class='ocrx_word' id='word_1_352' title='bbox 869 3559 994 3648; x_wconf 78' lang='grc' dir='ltr'><strong><em>ννιόμῃ)</em></strong></span> <span class='ocrx_word' id='word_1_353' title='bbox 1015 3575 1045 3628; x_wconf 91' lang='lat' dir='ltr'><strong>et</strong></span> <span class='ocrx_word' id='word_1_354' title='bbox 1060 3565 1089 3640; x_wconf 84' lang='lat'><strong>8,</strong></span> <span class='ocrx_word' id='word_1_355' title='bbox 1107 3566 1146 3628; x_wconf 83' lang='lat'><strong>19</strong></span> <span class='ocrx_word' id='word_1_356' title='bbox 1168 3563 1206 3627; x_wconf 89' lang='grc' dir='ltr'><strong>ἐν,</strong></span> <span class='ocrx_word' id='word_1_357' title='bbox 1218 3561 1362 3643; x_wconf 75' lang='grc' dir='ltr'><strong><em>ὑπατείᾳ</em></strong></span> <span class='ocrx_word' id='word_1_358' title='bbox 1376 3558 1512 3654; x_wconf 73' lang='grc' dir='ltr'><strong><em>τετάρτῃ</em></strong></span> <span class='ocrx_word' id='word_1_359' title='bbox 1535 3565 1610 3655; x_wconf 78' lang='grc' dir='ltr'><strong>ἐμῇ,</strong></span> 
     </span>
     <span class='ocr_line' id='line_1_33' title="bbox 249 3663 1611 3754; baseline 0.004 -25"><span class='ocrx_word' id='word_1_360' title='bbox 249 3678 337 3748; x_wconf 90' lang='lat' dir='ltr'><strong>atque</strong></span> <span class='ocrx_word' id='word_1_361' title='bbox 363 3668 485 3730; x_wconf 92' lang='lat' dir='ltr'><strong>omnino</strong></span> <span class='ocrx_word' id='word_1_362' title='bbox 512 3669 593 3730; x_wconf 90' lang='lat' dir='ltr'><strong>nullo</strong></span> <span class='ocrx_word' id='word_1_363' title='bbox 622 3667 793 3729; x_wconf 89' lang='lat' dir='ltr'><strong>discrimine</strong></span> <span class='ocrx_word' id='word_1_364' title='bbox 820 3672 897 3731; x_wconf 91' lang='lat' dir='ltr'><strong>lacto</strong></span> <span class='ocrx_word' id='word_1_365' title='bbox 925 3664 958 3730; x_wconf 74' lang='grc' dir='ltr'><strong>οἳ</strong></span> <span class='ocrx_word' id='word_1_366' title='bbox 985 3663 1054 3729; x_wconf 72' lang='grc' dir='ltr'><strong><em>υἱοί</em></strong></span> <span class='ocrx_word' id='word_1_367' title='bbox 1080 3687 1164 3750; x_wconf 82' lang='grc' dir='ltr'><strong>μου,</strong></span> <span class='ocrx_word' id='word_1_368' title='bbox 1194 3665 1226 3731; x_wconf 74' lang='lat' dir='ltr'><strong>oi</strong></span> <span class='ocrx_word' id='word_1_369' title='bbox 1248 3663 1321 3750; x_wconf 78' lang='grc' dir='ltr'><strong><em>ἐμοὶ</em></strong></span> <span class='ocrx_word' id='word_1_370' title='bbox 1345 3664 1432 3743; x_wconf 73' lang='grc' dir='ltr'><strong><em>υἱοί,</em></strong></span> <span class='ocrx_word' id='word_1_371' title='bbox 1460 3666 1611 3754; x_wconf 78' lang='grc' dir='ltr'><strong><em>όπατόρ</em></strong></span> 
     </span>
     <span class='ocr_line' id='line_1_34' title="bbox 250 3765 1344 3855; baseline 0.002 -22"><span class='ocrx_word' id='word_1_372' title='bbox 250 3793 314 3851; x_wconf 89' lang='grc' dir='ltr'><strong>μου</strong></span> <span class='ocrx_word' id='word_1_373' title='bbox 338 3765 405 3835; x_wconf 82' lang='grc' dir='ltr'><strong>ειό</strong></span> <span class='ocrx_word' id='word_1_374' title='bbox 432 3769 539 3855; x_wconf 73' lang='grc' dir='ltr'><strong><em>πατήρ</em></strong></span> <span class='ocrx_word' id='word_1_375' title='bbox 563 3768 581 3834; x_wconf 90' lang='grc' dir='ltr'>ὁ</span> <span class='ocrx_word' id='word_1_376' title='bbox 604 3767 682 3846; x_wconf 85' lang='grc' dir='ltr'><strong><em>ἐμός</em></strong></span> <span class='ocrx_word' id='word_1_377' title='bbox 706 3789 787 3834; x_wconf 91' lang='lat' dir='ltr'><strong>mero</strong></span> <span class='ocrx_word' id='word_1_378' title='bbox 809 3771 940 3836; x_wconf 85' lang='lat' dir='ltr'><strong>variandi</strong></span> <span class='ocrx_word' id='word_1_379' title='bbox 962 3771 1060 3834; x_wconf 91' lang='lat' dir='ltr'><strong>studio</strong></span> <span class='ocrx_word' id='word_1_380' title='bbox 1083 3770 1179 3851; x_wconf 86' lang='lat' dir='ltr'><strong>posita</strong></span> <span class='ocrx_word' id='word_1_381' title='bbox 1202 3772 1344 3850; x_wconf 82' lang='lat' dir='ltr'><strong>ridemus.</strong></span> 
     </span>
     <span class='ocr_line' id='line_1_35' title="bbox 348 3871 1614 3958; baseline 0.004 -22"><span class='ocrx_word' id='word_1_382' title='bbox 348 3871 612 3955; x_wconf 84' lang='lat' dir='ltr'><strong>‘Praepositionum</strong></span> <span class='ocrx_word' id='word_1_383' title='bbox 637 3893 725 3936; x_wconf 91' lang='lat' dir='ltr'><strong>usum</strong></span> <span class='ocrx_word' id='word_1_384' title='bbox 753 3894 813 3937; x_wconf 92' lang='lat' dir='ltr'><strong>non</strong></span> <span class='ocrx_word' id='word_1_385' title='bbox 842 3895 960 3956; x_wconf 91' lang='lat' dir='ltr'><strong>semper</strong></span> <span class='ocrx_word' id='word_1_386' title='bbox 988 3885 1066 3937; x_wconf 91' lang='lat' dir='ltr'><strong>recte</strong></span> <span class='ocrx_word' id='word_1_387' title='bbox 1095 3875 1261 3938; x_wconf 89' lang='lat' dir='ltr'><strong>observavit</strong></span> <span class='ocrx_word' id='word_1_388' title='bbox 1292 3877 1452 3958; x_wconf 78' lang='lat' dir='ltr'><strong>interpres3</strong></span> <span class='ocrx_word' id='word_1_389' title='bbox 1479 3897 1549 3940; x_wconf 88' lang='lat' dir='ltr'><strong>nam</strong></span> <span class='ocrx_word' id='word_1_390' title='bbox 1577 3888 1614 3941; x_wconf 92' lang='lat' dir='ltr'><strong>ut</strong></span> 
     </span>
     <span class='ocr_line' id='line_1_36' title="bbox 250 3977 1613 4064; baseline 0.002 -24"><span class='ocrx_word' id='word_1_391' title='bbox 250 3977 402 4042; x_wconf 84' lang='lat' dir='ltr'><strong>mittamus</strong></span> <span class='ocrx_word' id='word_1_392' title='bbox 417 3980 496 4060; x_wconf 93' lang='lat' dir='ltr'><strong>qnod</strong></span> <span class='ocrx_word' id='word_1_393' title='bbox 513 3997 611 4041; x_wconf 90' lang='lat' dir='ltr'><strong>errore</strong></span> <span class='ocrx_word' id='word_1_394' title='bbox 627 3981 751 4040; x_wconf 81' lang='lat' dir='ltr'><strong>tortasse</strong></span> <span class='ocrx_word' id='word_1_395' title='bbox 766 3978 898 4059; x_wconf 91' lang='lat' dir='ltr'><strong>lapidarii</strong></span> <span class='ocrx_word' id='word_1_396' title='bbox 914 3987 1015 4041; x_wconf 90' lang='lat' dir='ltr'><strong>natum</strong></span> <span class='ocrx_word' id='word_1_397' title='bbox 1033 3998 1120 4059; x_wconf 91' lang='lat' dir='ltr'><strong>snpra</strong></span> <span class='ocrx_word' id='word_1_398' title='bbox 1136 3980 1346 4059; x_wconf 78' lang='lat' dir='ltr'><strong>exagiterimus</strong></span> <span class='ocrx_word' id='word_1_399' title='bbox 1370 3983 1397 4055; x_wconf 94' lang='lat'><strong>1,</strong></span> <span class='ocrx_word' id='word_1_400' title='bbox 1416 3981 1454 4042; x_wconf 83' lang='lat'><strong>18</strong></span> <span class='ocrx_word' id='word_1_401' title='bbox 1474 3979 1613 4064; x_wconf 76' lang='grc' dir='ltr'><strong><em>ἐνίκησα</em></strong></span> 
     </span>
     <span class='ocr_line' id='line_1_37' title="bbox 247 4077 1613 4169; baseline 0.001 -22"><span class='ocrx_word' id='word_1_402' title='bbox 247 4083 431 4169; x_wconf 85' lang='grc' dir='ltr'><strong><em>παρατάξει</em></strong></span> <span class='ocrx_word' id='word_1_403' title='bbox 458 4102 512 4164; x_wconf 89' lang='lat' dir='ltr'><strong>pro</strong></span> <span class='ocrx_word' id='word_1_404' title='bbox 534 4077 570 4145; x_wconf 85' lang='grc' dir='ltr'><strong>ἐν</strong></span> <span class='ocrx_word' id='word_1_405' title='bbox 592 4079 776 4165; x_wconf 83' lang='grc' dir='ltr'><strong><em>παρατάξει</em></strong></span> <span class='ocrx_word' id='word_1_406' title='bbox 799 4083 854 4156; x_wconf 83' lang='lat' dir='ltr'><strong>vel,</strong></span> <span class='ocrx_word' id='word_1_407' title='bbox 878 4093 913 4144; x_wconf 92' lang='lat' dir='ltr'><strong>nt</strong></span> <span class='ocrx_word' id='word_1_408' title='bbox 927 4082 1084 4164; x_wconf 80' lang='lat' dir='ltr'><strong>Dionysius</strong></span> <span class='ocrx_word' id='word_1_409' title='bbox 1107 4083 1211 4146; x_wconf 87' lang='lat' dir='ltr'><strong>scribit</strong></span> <span class='ocrx_word' id='word_1_410' title='bbox 1232 4084 1272 4164; x_wconf 91' lang='lat' dir='ltr'><strong>(ll</strong></span> <span class='ocrx_word' id='word_1_411' title='bbox 1294 4086 1334 4146; x_wconf 82' lang='lat'><strong>50</strong></span> <span class='ocrx_word' id='word_1_412' title='bbox 1357 4083 1417 4158; x_wconf 81' lang='lat' dir='ltr'><strong>all,</strong></span> <span class='ocrx_word' id='word_1_413' title='bbox 1440 4082 1476 4146; x_wconf 83' lang='grc' dir='ltr'><strong><em>ἐκ</em></strong></span> <span class='ocrx_word' id='word_1_414' title='bbox 1499 4106 1613 4167; x_wconf 88' lang='grc' dir='ltr'><strong><em>παρα-</em></strong></span> 
     </span>
     <span class='ocr_line' id='line_1_38' title="bbox 247 4180 1613 4269; baseline -0.003 -16"><span class='ocrx_word' id='word_1_415' title='bbox 247 4187 383 4262; x_wconf 86' lang='grc' dir='ltr'><strong><em>τάξεως,</em></strong></span> <span class='ocrx_word' id='word_1_416' title='bbox 412 4188 517 4249; x_wconf 83' lang='lat' dir='ltr'><strong>lalsum</strong></span> <span class='ocrx_word' id='word_1_417' title='bbox 545 4194 590 4247; x_wconf 90' lang='lat' dir='ltr'><strong>est</strong></span> <span class='ocrx_word' id='word_1_418' title='bbox 615 4186 694 4265; x_wconf 93' lang='lat' dir='ltr'><strong>qnod</strong></span> <span class='ocrx_word' id='word_1_419' title='bbox 716 4184 823 4264; x_wconf 91' lang='lat' dir='ltr'><strong>legitur</strong></span> <span class='ocrx_word' id='word_1_420' title='bbox 846 4186 933 4261; x_wconf 84' lang='grc'><strong>2,16</strong></span> <span class='ocrx_word' id='word_1_421' title='bbox 957 4180 980 4247; x_wconf 85' lang='grc' dir='ltr'><strong><em>ά</em></strong></span> <span class='ocrx_word' id='word_1_422' title='bbox 1001 4181 1099 4258; x_wconf 83' lang='grc' dir='ltr'><strong><em>αὐτὸς</em></strong></span> <span class='ocrx_word' id='word_1_423' title='bbox 1122 4183 1142 4268; x_wconf 81' lang='grc' dir='ltr'><em>ἢ</em></span> <span class='ocrx_word' id='word_1_424' title='bbox 1165 4185 1225 4248; x_wconf 81' lang='grc' dir='ltr'><strong><em>διὰ</em></strong></span> <span class='ocrx_word' id='word_1_425' title='bbox 1246 4185 1321 4258; x_wconf 87' lang='grc' dir='ltr'><strong>τοὺς</strong></span> <span class='ocrx_word' id='word_1_426' title='bbox 1343 4182 1613 4269; x_wconf 77' lang='grc' dir='ltr'><strong><em>ὑποστρατήγους</em></strong></span> 
     </span>
     <span class='ocr_line' id='line_1_39' title="bbox 248 4287 1612 4374; baseline -0.003 -18"><span class='ocrx_word' id='word_1_427' title='bbox 248 4290 346 4374; x_wconf 88' lang='grc' dir='ltr'><strong>ἐμοὺς</strong></span> <span class='ocrx_word' id='word_1_428' title='bbox 368 4287 597 4372; x_wconf 71' lang='grc' dir='ltr'><strong>κατῶρθοισα,Ι</strong></span> <span class='ocrx_word' id='word_1_429' title='bbox 620 4307 689 4350; x_wconf 88' lang='lat' dir='ltr'><strong>nam</strong></span> <span class='ocrx_word' id='word_1_430' title='bbox 712 4289 862 4368; x_wconf 80' lang='lat' dir='ltr'><strong>genetivus</strong></span> <span class='ocrx_word' id='word_1_431' title='bbox 884 4289 1049 4351; x_wconf 88' lang='lat' dir='ltr'><strong>necessario</strong></span> <span class='ocrx_word' id='word_1_432' title='bbox 1072 4290 1241 4369; x_wconf 87' lang='lat' dir='ltr'><strong>requiritur,</strong></span> <span class='ocrx_word' id='word_1_433' title='bbox 1264 4308 1323 4369; x_wconf 93' lang='lat' dir='ltr'><strong>qno</strong></span> <span class='ocrx_word' id='word_1_434' title='bbox 1344 4308 1413 4351; x_wconf 91' lang='lat' dir='ltr'><strong>casu</strong></span> <span class='ocrx_word' id='word_1_435' title='bbox 1436 4298 1515 4351; x_wconf 86' lang='lat' dir='ltr'><strong>reete</strong></span> <span class='ocrx_word' id='word_1_436' title='bbox 1537 4309 1612 4352; x_wconf 90' lang='lat' dir='ltr'><strong>usus</strong></span> 
     </span>
     <span class='ocr_line' id='line_1_40' title="bbox 248 4388 1613 4476; baseline 0 -19"><span class='ocrx_word' id='word_1_437' title='bbox 248 4396 295 4458; x_wconf 88' lang='lat' dir='ltr'><strong>ille</strong></span> <span class='ocrx_word' id='word_1_438' title='bbox 318 4404 364 4456; x_wconf 88' lang='lat' dir='ltr'><strong>est</strong></span> <span class='ocrx_word' id='word_1_439' title='bbox 386 4393 414 4468; x_wconf 87' lang='lat'><strong>3,</strong></span> <span class='ocrx_word' id='word_1_440' title='bbox 431 4394 472 4455; x_wconf 81' lang='lat'><strong>20</strong></span> <span class='ocrx_word' id='word_1_441' title='bbox 495 4392 539 4455; x_wconf 81' lang='grc' dir='ltr'><strong><em>δι’</em></strong></span> <span class='ocrx_word' id='word_1_442' title='bbox 563 4391 645 4476; x_wconf 87' lang='grc' dir='ltr'><strong><em>ἐμοῦ</em></strong></span> <span class='ocrx_word' id='word_1_443' title='bbox 667 4400 697 4452; x_wconf 93' lang='lat' dir='ltr'><strong>et</strong></span> <span class='ocrx_word' id='word_1_444' title='bbox 719 4391 783 4464; x_wconf 82' lang='lat'><strong>5,9</strong></span> <span class='ocrx_word' id='word_1_445' title='bbox 807 4390 865 4454; x_wconf 81' lang='grc' dir='ltr'><strong><em>διά</em></strong></span> <span class='ocrx_word' id='word_1_446' title='bbox 887 4392 951 4456; x_wconf 89' lang='grc' dir='ltr'><strong>τῶν</strong></span> <span class='ocrx_word' id='word_1_447' title='bbox 973 4388 1119 4456; x_wconf 88' lang='grc' dir='ltr'><strong><em>ὑπάτων.</em></strong></span> <span class='ocrx_word' id='word_1_448' title='bbox 1155 4393 1256 4472; x_wconf 87' lang='lat' dir='ltr'><strong>Neque</strong></span> <span class='ocrx_word' id='word_1_449' title='bbox 1272 4393 1364 4472; x_wconf 91' lang='lat' dir='ltr'><strong>magis</strong></span> <span class='ocrx_word' id='word_1_450' title='bbox 1379 4393 1498 4473; x_wconf 83' lang='lat' dir='ltr'><strong>probari</strong></span> <span class='ocrx_word' id='word_1_451' title='bbox 1512 4403 1613 4473; x_wconf 84' lang='lat' dir='ltr'><strong>potest</strong></span> 
     </span>
     <span class='ocr_line' id='line_1_41' title="bbox 248 4487 1611 4577; baseline -0.002 -17"><span class='ocrx_word' id='word_1_452' title='bbox 248 4500 327 4577; x_wconf 95' lang='lat' dir='ltr'><strong>quod</strong></span> <span class='ocrx_word' id='word_1_453' title='bbox 352 4497 446 4560; x_wconf 81' lang='lat' dir='ltr'><strong>cuivis</strong></span> <span class='ocrx_word' id='word_1_454' title='bbox 479 4495 613 4577; x_wconf 81' lang='lat' dir='ltr'><strong>genetiuo</strong></span> <span class='ocrx_word' id='word_1_455' title='bbox 641 4494 778 4575; x_wconf 83' lang='lat' dir='ltr'><strong>partitiro</strong></span> <span class='ocrx_word' id='word_1_456' title='bbox 805 4515 841 4557; x_wconf 81' lang='lat' dir='ltr'><strong>ex</strong></span> <span class='ocrx_word' id='word_1_457' title='bbox 867 4495 1070 4558; x_wconf 88' lang='lat' dir='ltr'><strong>Romanorum</strong></span> <span class='ocrx_word' id='word_1_458' title='bbox 1099 4515 1181 4558; x_wconf 92' lang='lat' dir='ltr'><strong>more</strong></span> <span class='ocrx_word' id='word_1_459' title='bbox 1214 4494 1460 4577; x_wconf 88' lang='lat' dir='ltr'><strong>praepositionem</strong></span> <span class='ocrx_word' id='word_1_460' title='bbox 1483 4487 1519 4567; x_wconf 80' lang='grc' dir='ltr'><strong>ἐξ</strong></span> <span class='ocrx_word' id='word_1_461' title='bbox 1542 4495 1611 4558; x_wconf 89' lang='lat' dir='ltr'><strong>addi</strong></span> 
     </span>
     <span class='ocr_line' id='line_1_42' title="bbox 249 4595 1612 4683; baseline -0.002 -20"><span class='ocrx_word' id='word_1_462' title='bbox 249 4621 335 4683; x_wconf 93' lang='lat' dir='ltr'><strong>posse</strong></span> <span class='ocrx_word' id='word_1_463' title='bbox 368 4599 559 4675; x_wconf 62' lang='lat' dir='ltr'><strong>existimarim</strong></span> <span class='ocrx_word' id='word_1_464' title='bbox 596 4617 664 4660; x_wconf 91' lang='lat' dir='ltr'><strong>nam</strong></span> <span class='ocrx_word' id='word_1_465' title='bbox 705 4598 817 4662; x_wconf 83' lang='lat' dir='ltr'><strong>diverse</strong></span> <span class='ocrx_word' id='word_1_466' title='bbox 851 4607 923 4660; x_wconf 92' lang='lat' dir='ltr'><strong>sunt</strong></span> <span class='ocrx_word' id='word_1_467' title='bbox 954 4619 1029 4678; x_wconf 92' lang='lat' dir='ltr'><strong>quae</strong></span> <span class='ocrx_word' id='word_1_468' title='bbox 1062 4601 1170 4661; x_wconf 85' lang='lat' dir='ltr'><strong>Graece</strong></span> <span class='ocrx_word' id='word_1_469' title='bbox 1199 4598 1255 4661; x_wconf 90' lang='lat' dir='ltr'><strong>dici</strong></span> <span class='ocrx_word' id='word_1_470' title='bbox 1285 4599 1382 4662; x_wconf 88' lang='lat' dir='ltr'><strong>solent</strong></span> <span class='ocrx_word' id='word_1_471' title='bbox 1407 4595 1444 4659; x_wconf 91' lang='grc' dir='ltr'><strong><em>ἐκ</em></strong></span> <span class='ocrx_word' id='word_1_472' title='bbox 1474 4595 1612 4660; x_wconf 84' lang='grc' dir='ltr'><strong><em>πάντων</em></strong></span> 
     </span>
     <span class='ocr_line' id='line_1_43' title="bbox 249 4697 1613 4786; baseline -0.001 -21"><span class='ocrx_word' id='word_1_473' title='bbox 249 4701 394 4786; x_wconf 84' lang='grc' dir='ltr'><strong><em>μάλιστα</em></strong></span> <span class='ocrx_word' id='word_1_474' title='bbox 420 4711 450 4764; x_wconf 93' lang='lat' dir='ltr'><strong>et</strong></span> <span class='ocrx_word' id='word_1_475' title='bbox 476 4701 511 4764; x_wconf 80' lang='grc' dir='ltr'><strong><em>ἐκ</em></strong></span> <span class='ocrx_word' id='word_1_476' title='bbox 535 4697 665 4765; x_wconf 77' lang='grc' dir='ltr'><strong><em>πόλεων</em></strong></span> <span class='ocrx_word' id='word_1_477' title='bbox 688 4703 824 4786; x_wconf 83' lang='grc' dir='ltr'><strong><em>πίσυρες</em></strong></span> <span class='ocrx_word' id='word_1_478' title='bbox 851 4703 888 4765; x_wconf 85' lang='lat' dir='ltr'><strong>ab</strong></span> <span class='ocrx_word' id='word_1_479' title='bbox 910 4703 965 4766; x_wconf 91' lang='lat' dir='ltr'><strong>illis</strong></span> <span class='ocrx_word' id='word_1_480' title='bbox 988 4723 1063 4784; x_wconf 89' lang='lat' dir='ltr'><strong>quac</strong></span> <span class='ocrx_word' id='word_1_481' title='bbox 1084 4703 1228 4784; x_wconf 90' lang='lat' dir='ltr'><strong>interpres</strong></span> <span class='ocrx_word' id='word_1_482' title='bbox 1252 4702 1307 4764; x_wconf 90' lang='lat' dir='ltr'><strong>sibi</strong></span> <span class='ocrx_word' id='word_1_483' title='bbox 1327 4702 1463 4783; x_wconf 89' lang='lat' dir='ltr'><strong>permisit</strong></span> <span class='ocrx_word' id='word_1_484' title='bbox 1485 4701 1552 4778; x_wconf 90' lang='grc'><strong>2,2</strong></span> <span class='ocrx_word' id='word_1_485' title='bbox 1574 4699 1613 4774; x_wconf 84' lang='grc' dir='ltr'><strong>ἐξ</strong></span> 
     </span>
    </p>
   </div>
   <div class='ocr_carea' id='block_1_5' title="bbox 0 0 1772 5417">
    <p class='ocr_par' dir='ltr' id='par_1_5' title="bbox 0 0 1772 5417">
     <span class='ocr_line' id='line_1_44' title="bbox 0 0 1772 5417; baseline 0 0"><span class='ocrx_word' id='word_1_486' title='bbox 0 0 1772 5417; x_wconf 95' lang='lat' dir='ltr'><strong> </strong></span> 
     </span>
    </p>
   </div>
  </div>
 </body>
</html>
