3525 5417
878 349 902 417 I,
921 353 1025 406 22-24

379 536 442 590 cata
468 535 614 590 testantur
635 527 743 589 obiisse
764 547 789 590 a.
807 528 846 591 19
867 529 1074 610 imperatorem
1099 529 1204 592 iterum
1215 531 1240 611 ¹)
1261 541 1292 594 et
1313 531 1431 596 Tacitus
1452 532 1533 614 (ann.
1552 535 1580 606 1,
1597 532 1630 607 9)

380 630 482 694 scribit
502 639 570 710 post
590 630 704 694 obitum
725 631 849 712 Augusti
870 652 897 694 a.
922 634 961 694 14
983 641 1106 696 exeunte
1122 632 1237 696 Tiberio
1259 645 1377 698 auctore
1401 653 1510 699 nomen
1533 635 1630 716 impe

378 734 483 796 ratoris
511 733 666 814 accepisse.
717 733 774 797 Sed
796 755 830 798 ea
856 735 1024 800 acclamatio
1052 747 1153 800 uuum
1182 736 1262 818 prior
1294 756 1331 800 an
1363 739 1510 819 posterior
1539 739 1631 800 luerit

378 846 408 899 et
439 838 559 899 alteram
592 836 709 917 quaudo
742 839 888 919 pepererit
915 857 1018 919 parum
1045 847 1168 915 constat,
1196 859 1264 902 cum
1286 841 1344 904 viri
1365 841 1428 904 eius
1451 841 1528 904 tituli
1555 843 1630 904 certi

377 941 536 1004 admodum
558 959 624 1002 raro
645 940 838 1020 reperiantur.
875 941 1037 1006 Verisimile
1060 951 1157 1005 tamen
1179 953 1225 1006 est
1246 945 1343 1008 datam
1365 965 1391 1008 a.
1408 949 1448 1008 14
1468 945 1628 1008 secundam

377 1044 469 1108 luism
490 1045 677 1126 prioremque
699 1064 763 1108 eam
779 1045 873 1127 ipsam
889 1065 962 1121 esse,
985 1065 1059 1127 quae
1073 1047 1104 1108 in
1118 1046 1251 1128 Augusto
1266 1058 1311 1112 est
1325 1069 1383 1124 xm,
1398 1050 1430 1112 iu
1445 1049 1563 1112 Tiberio
1579 1067 1628 1109 vu.

376 1149 450 1212 Nam
471 1149 602 1230 primum
624 1150 676 1211 lias
698 1149 745 1210 vir
759 1149 881 1211 dubium
898 1157 943 1211 est
958 1149 1103 1229 pertinere
1117 1150 1153 1212 ad
1168 1170 1215 1214 res
1230 1153 1260 1213 in
1276 1152 1430 1215 Germania
1444 1172 1497 1234 per
1510 1163 1629 1233 postre-

376 1272 441 1315 mos
461 1252 585 1332 Augusti
606 1271 699 1315 annos
720 1260 826 1331 gestas,
849 1252 998 1332 quoniam,
1022 1263 1055 1316 ut
1077 1251 1116 1316 ait
1136 1252 1254 1316 Tacitus
1275 1273 1343 1318 aun.
1363 1257 1388 1329 1,
1412 1256 1441 1328 9,
1465 1255 1572 1318 bellum
1594 1275 1630 1316 eo

376 1368 534 1438 amputem
561 1356 675 1418 sudum
700 1359 756 1416 esti
780 1356 932 1417 adversum
956 1355 1111 1418 Germanos
1131 1369 1288 1437 supererat.
1333 1358 1504 1422 Germaniae
1526 1369 1627 1422 autem

375 1459 550 1522 exercitibus
572 1477 640 1521 cum
662 1477 715 1539 per
736 1476 787 1520 eos
807 1477 901 1521 annos
917 1459 1108 1522 Germanicus
1125 1469 1281 1540 praeesset,
1304 1480 1365 1524 nou
1380 1463 1481 1525 debuit
1495 1462 1627 1542 quidem,

375 1563 427 1626 sed
448 1570 527 1624 certe
548 1561 645 1643 potuit
664 1560 833 1624 acclamatio
854 1561 895 1622 ibi
917 1571 999 1641 parta
1022 1580 1089 1623 eum
1113 1582 1147 1624 eo
1169 1565 1389 1628 communicari.
1429 1565 1532 1628 Potest
1555 1583 1627 1628 sane

374 1666 484 1748 opponi
516 1685 553 1726 er
585 1664 689 1727 eodem
720 1664 796 1726 bede
828 1665 1048 1728 acclamationes
1076 1665 1148 1728 duas
1175 1684 1235 1728 non
1260 1675 1339 1729 recte
1365 1667 1472 1748 repeti;
1500 1677 1531 1730 at
1557 1687 1628 1730 curn

373 1769 498 1832 alterum
513 1769 569 1831 sub
583 1767 707 1849 Augusti
720 1767 857 1847 auspiciis
872 1775 987 1847 gestum
1003 1768 1051 1842 sit,
1067 1770 1192 1830 alterum
1208 1770 1262 1831 sub
1278 1769 1396 1844 Tiberii,
1418 1773 1542 1834 sortasse
1557 1771 1626 1833 inde

375 1871 596 1934 consuetudinis
618 1871 764 1951 neglectae
786 1870 935 1933 excusatio
958 1870 1017 1952 peti
1033 1872 1149 1953 poterit.
1180 1872 1264 1934 Gerte
1280 1873 1373 1936 multo
1389 1875 1488 1936 minus
1503 1874 1627 1954 cogitari

298 2015 304 2028 ·
374 1985 472 2057 potest
501 1976 536 2037 de
563 1975 651 2036 rebus
677 1983 745 2054 post
769 1994 795 2036 a.
819 1975 857 2036 15
879 1993 896 2036 a
918 1975 1089 2038 Germanico
1111 1976 1147 2038 ad
1169 1975 1302 2038 Rhenum
1326 1976 1416 2057 gestis
1438 1977 1627 2059 imperatoris

373 2079 493 2142 nomine
519 2087 605 2140 antea
627 2097 643 2140 e
665 2078 820 2141 Germania
842 2078 869 2140 ei
891 2079 1026 2152 decreto,
1056 2099 1150 2159 neque
1172 2079 1332 2159 quidquam
1353 2079 1384 2141 in
1407 2081 1528 2144 Oriente
1551 2082 1627 2143 Ger·

374 2183 506 2246 manieus
528 2200 619 2244 manu
639 2183 739 2262 gessit.
773 2181 905 2261 Denique
927 2181 1024 2244 obstat
1045 2181 1194 2245 silentium
1217 2182 1324 2256 Taciti,
1350 2183 1401 2263 qui
1423 2203 1492 2245 eum
1516 2185 1625 2246 horum

373 2306 519 2349 annorum
541 2305 588 2348 res
610 2294 705 2365 gestas
727 2285 843 2366 copiose
866 2295 979 2359 narret,
1008 2285 1229 2366 imperatorium
1252 2285 1395 2350 honorem
1418 2285 1527 2350 iterum
1551 2307 1625 2350 con-

373 2409 489 2452 cessum
512 2389 560 2451 vix
583 2388 729 2466 tacuisset.
751 2425 793 2434 -
815 2389 967 2452 Praeterea
990 2389 1015 2450 si
1036 2399 1114 2452 recte
1135 2391 1171 2451 ad
1192 2389 1398 2452 Germanicum
1421 2392 1553 2454 revocavi
1575 2391 1624 2453 in-

372 2494 561 2576 scriptionem
583 2495 726 2556 festorum
742 2492 854 2572 collegii
868 2493 1016 2554 Arvalium
1033 2491 1231 2555 dedicatorum
1247 2503 1315 2555 ante
1330 2494 1454 2575 Augusti
1468 2513 1622 2558 excessum

464 2599 565 2678 [simp.,
596 2617 671 2677 mog.
704 2599 775 2677 (rot.
803 2597 902 2658 Arool.
1009 2595 1093 2675 (pr.
1122 2595 1211 2676 epigr.
1236 2598 1252 2657 1
1276 2615 1305 2676 p.
1322 2595 1381 2671 33;
1407 2597 1526 2659 Heuzen
1555 2599 1622 2659 Ars.

370 2719 400 2782 p.
416 2703 564 2776 soumis),
590 2698 658 2761 inde
685 2699 811 2762 efficitur
832 2718 901 2760 eum
923 2698 1130 2780 imperatorem
1159 2699 1270 2762 dictum
1298 2719 1361 2762 esse
1388 2699 1452 2761 rivo
1478 2700 1621 2778 Augusto.

373 2805 430 2868 Sed
452 2824 511 2885 qno
533 2801 717 2864 ratiocinatio
737 2802 786 2864 illa
800 2803 958 2878 nitebatur,
982 2823 1016 2865 eo
1032 2811 1164 2884 tempore
1178 2803 1386 2883 imperatorem
1401 2803 1490 2864 alium
1505 2803 1622 2866 nullum

369 2908 455 2971 nobis
477 2905 641 2969 innotuisse
662 2904 733 2967 buio
752 2905 816 2967 loco
838 2915 938 2985 aptum
962 2915 1078 2986 praeter
1099 2907 1316 2981 Germanicum,
1338 2907 1368 2969 id
1390 2906 1449 2969 iam
1471 2907 1622 2970 sublatum

369 3021 415 3074 est
445 3020 476 3074 et
501 3028 625 3074 nummo
652 3016 682 3069 et
708 3007 794 3070 titulo
822 3026 917 3088 nuper
943 3007 1100 3089 repertis¹)
1128 3010 1362 3072 demonstratum
1392 3010 1425 3074 L.
1447 3010 1622 3074 Passienum

368 3115 478 3178 Rufum
507 3113 659 3176 consulem
679 3130 706 3174 a.
730 3112 790 3174 750
817 3131 853 3172 ex
875 3112 971 3174 Africa
997 3131 1061 3174 eam
1091 3113 1312 3194 appellationem
1334 3123 1513 3195 reportasse;
1542 3115 1622 3176 unde

368 3218 472 3280 collato
488 3219 550 3279 loeo
565 3214 664 3278 Velleii
675 3214 705 3288 2,
722 3215 783 3278 116
797 3214 875 3276 idem
892 3215 979 3278 etiam
996 3216 1031 3278 de
1051 3215 1141 3278 Cosso
1157 3216 1290 3280 Cornelio
1302 3217 1425 3280 lentulo
1440 3235 1500 3279 cos.
1516 3236 1543 3278 a.
1557 3217 1618 3278 753

367 3329 514 3384 statuatur
534 3338 654 3382 neeesse
675 3326 729 3380 est.
766 3317 860 3391 Quam
885 3319 923 3380 ob
944 3337 1006 3381 rem
1029 3338 1208 3400 quamquam
1230 3329 1369 3383 neutrum
1385 3321 1492 3382 borum
1506 3320 1620 3382 Arvelis

367 3423 528 3487 sacerdotio
543 3430 679 3485 ornatum
695 3419 787 3484 fuisse
802 3429 943 3485 testatum
958 3431 1011 3497 est,
1028 3423 1225 3506 supplementi
1235 3423 1314 3486 illiue
1326 3423 1483 3486 auctoritas
1495 3441 1621 3503 magno·

368 3547 438 3610 pero
457 3529 582 3590 inlraeta
603 3533 658 3588 est

328 3752 393 3795 nar.
411 3734 438 3809 1,
453 3751 481 3796 aa
505 3733 588 3813 [Cum
603 3731 702 3794 dende
713 3729 816 3812 plsllris
832 3731 998 3810 triumphos
1016 3730 1087 3791 mihi
1099 3732 1224 3809 soluatur
1235 3731 1404 3814 decurret,
1426 3730 1431 3814 l
1449 3735 1490 3794 eis
1503 3735 1619 3815 asslper·

452 3856 480 3900 aa
507 3836 569 3898 sedi
589 3837 635 3914 [ἢ.
679 3836 757 3914 l[tem
779 3853 860 3916 coepe
882 3835 995 3912 lourlus
1016 3834 1147 3914 deposui,
1170 3837 1188 3909 ξ
1210 3835 1241 3896 in
1263 3833 1410 3916 Capitolio
1433 3841 1513 3910 omas,
1536 3839 1619 3919 quoe]

452 3959 480 4003 aa
508 3939 513 4021 l
536 3941 654 4020 quoque
675 3938 750 4000 bello
772 3939 1030 4018 nunculpooerom,
1052 3939 1170 4016 sololtls.
1193 3941 1211 4013 ξ

265 4062 311 4107 cn.
327 4042 356 4120 2,
372 4062 453 4126 aoso.
476 4040 548 4119 2,1o
565 4065 588 4106 ιι
621 4039 865 4127 ΤῆςΗβουλῆς]
888 4087 1330 4104 ......................
1350 4049 1526 4128 papiae..
1546 4041 1552 4126 Ι

507 4191 1014 4209 .........................
1028 4166 1073 4210 ων
1086 4143 1145 4228 τὴν
1161 4141 1308 4231 [δάφνην]
1333 4192 1360 4207 ..
1375 4190 1381 4206 .
1395 4191 1401 4206 .
1414 4145 1539 4229 (religato
1551 4148 1616 4234 sere

501 4251 671 4333 emti)-

363 4443 383 4508 ¹)
401 4443 427 4494 ln
445 4443 524 4495 titulo
541 4443 623 4494 musei
640 4440 804 4509 Neapolitani
822 4439 850 4491 G.
868 4438 887 4490 l.
906 4437 936 4489 L.
950 4437 984 4501 X,
1006 4439 1077 4504 1625,
1097 4439 1123 4489 in
1136 4455 1185 4506 qno
1197 4441 1340 4507 appellatur
1353 4439 1464 4507 [maa]
1477 4442 1615 4507 Auguris-

263 4530 319 4594 [ls's,
344 4531 403 4592 coe]
419 4537 450 4596 11,
474 4533 545 4599 imp,
573 4529 653 4592 magis
679 4528 831 4579 crediderim
853 4526 1018 4578 iterationem
1041 4527 1207 4591 neglegenter
1229 4527 1345 4578 omissam
1372 4541 1429 4578 esse
1456 4541 1528 4593 quam
1554 4528 1614 4578 indo

262 4616 431 4681 colligendum
449 4617 626 4668 Germanicum
643 4630 697 4666 sam
715 4615 847 4665 admisisse
864 4619 923 4679 post
939 4613 1055 4678 adeptum
1073 4613 1231 4665 consulatum
1249 4615 1392 4665 seeundum.

362 4704 382 4764 ¹)
404 4702 535 4755 Nummum
557 4702 639 4754 edidit
654 4702 765 4754 lluellsr
782 4717 851 4752 naon.
869 4698 900 4750 de
917 4697 1055 4750 casem
1072 4699 1184 4765 Afrique
1201 4701 1281 4767 suppl.
1301 4716 1324 4767 p.
1342 4699 1375 4750 13
1393 4700 1432 4751 sic
1449 4699 1613 4766 inscriptum

260 4791 323 4857 orep.
343 4787 432 4853 Ca[es.]
528 4788 581 4841 disi
595 4790 619 4856 f.
635 4805 659 4858 p.
673 4788 713 4856 p.)
730 4785 769 4854 (L.
781 4785 938 4850 Paradisum]
956 4783 1045 4851 Rufio«
1055 4788 1118 4854 abep.
1145 4784 1257 4852 Titulus,
1274 4786 1383 4854 quemin
1398 4786 1455 4838 vieo
1468 4785 1541 4838 Ellss
1552 4787 1611 4852 agri
