3525 5417
745 313 892 368 ansucs
1430 323 1493 386 201

135 489 185 560 ὦν
207 492 392 578 κατήγαγον
411 494 602 576 (sequebatur
624 495 778 569 numerus)
802 501 831 554 et
848 495 897 567 13,
916 496 953 556 15
969 492 1006 566 έξ
1020 487 1065 558 ὧν
1080 496 1154 573 (scil.
1171 492 1310 570 δούλων)
1326 505 1413 578 τρεῖς
1429 517 1496 560 που

134 598 303 686 μυριάδας
326 597 516 678 παρέδωκα,
540 617 599 678 quo
621 597 713 658 altero
736 597 799 658 loco
822 615 859 657 ne
882 595 912 656 in
936 596 1040 659 Latino
1061 599 1180 679 quidem
1196 601 1328 680 exemplo
1345 600 1496 680 praeposi-

135 704 179 766 tio
202 713 342 784 usurpata
365 702 420 764 luit
443 706 603 779 (saeorum
618 721 682 761 nnn
702 701 766 780 fere
781 699 872 761 millio
887 701 1016 774 tradidit.
1046 700 1178 762 Pessime
1192 701 1299 765 Romae
1315 704 1358 765 bis
1373 704 1497 765 vertitur

135 804 198 868 ἐπὶ
219 801 341 886 Ῥώμης
362 824 422 866 non
446 806 542 866 solum
565 805 596 864 in
621 803 704 865 titulo
720 804 923 865 commentarii
939 805 1127 884 neglegenter
1141 807 1318 886 conscripto,
1341 807 1392 868 sed
1408 807 1496 868 etiam

135 911 166 982 6,
185 909 213 983 5,
236 928 332 988 neque
360 908 527 970 detenditur
549 908 607 968 boc
629 925 664 968 eo
685 907 764 986 quod
785 905 942 987 Dionysius
965 908 1058 987 (velut
1076 907 1170 981 1156)
1192 905 1416 990 ἐκκλησιάζειν
1438 908 1496 970 snt

135 1009 361 1095 στρατοπέδου
392 1013 480 1087 dinit3
507 1012 634 1092 pessime
661 1009 747 1071 etiam
779 1010 824 1070 vel
852 1019 953 1071 contra
983 1011 1149 1090 exemplum
1171 1011 1308 1072 Latinum
1331 1012 1361 1073 in
1383 1012 1496 1074 addita-

134 1125 239 1179 mento
261 1116 338 1177 idem
362 1114 426 1176 sine
449 1113 539 1176 dubio
561 1115 650 1175 borno
673 1113 790 1194 scripsit
805 1107 1035 1195 ἡριθμημένου
1051 1109 1214 1196 χρήματος
1230 1105 1275 1185 εἰς
1289 1112 1325 1175 τδ
1342 1107 1498 1196 αλράριον

133 1217 155 1302 ἡ
186 1221 246 1293 εἰς
276 1219 332 1282 τὸν
359 1217 466 1300 δῆμον
493 1215 550 1280 τὸν
574 1209 749 1298 Ῥωμαίων
779 1214 798 1299 ἢ
826 1217 884 1290 εἰς
910 1214 986 1290 τοὺς
1008 1211 1273 1298 ἀπολελυμένους
1296 1213 1496 1298 στρατιώτας

134 1324 226 1401 (dedit
246 1329 277 1386 ιἰι
292 1327 439 1386 amorium
455 1322 500 1382 uel
510 1321 605 1401 plebel
619 1320 766 1382 Romanae
784 1321 829 1382 oel
843 1322 964 1383 dimissis
978 1319 1141 1398 πολίτιδα)
1164 1318 1220 1380 dici
1235 1328 1333 1400 potest
1347 1317 1497 1402 χρήματα

133 1426 293 1490 δαπανᾶν
323 1426 370 1499 εἰς
391 1423 467 1497 τοδς
489 1421 700 1506 στρατιώτας,
729 1442 817 1485 nemo
838 1442 908 1484 vero
930 1423 1004 1484 dixit
1030 1419 1179 1505 χρήματα
1206 1425 1261 1498 (vel
1284 1422 1355 1485 adeo
1377 1424 1497 1505 χρῆμα)

133 1525 295 1611 ἀριθμεῖν
321 1528 369 1602 ελς
394 1525 470 1600 τούς
498 1521 707 1608 στρατιώτας.
752 1526 849 1587 Minus
871 1535 951 1589 recte
974 1526 1061 1588 etiam
1085 1527 1114 1600 4,
1136 1527 1155 1586 4
1179 1523 1237 1587 έπλ
1259 1524 1313 1610 ἔτη
1336 1523 1497 1610 τεσσαρά-

133 1653 238 1696 κοντα
260 1631 347 1694 vertit
368 1631 397 1694 id
420 1629 498 1711 quod
521 1630 624 1691 lacuna
647 1630 786 1691 baustum
810 1639 890 1692 recte
913 1631 942 1692 in
967 1629 1079 1692 Latinis
1093 1630 1264 1691 restitutum
1281 1639 1327 1692 est
1337 1649 1392 1710 per
1406 1650 1498 1694 uanos

134 1737 337 1818 quodraginta.
382 1734 441 1796 Nec
467 1733 593 1813 denique
615 1733 646 1793 in
669 1733 765 1794 verbis
788 1751 854 1794 cum
878 1732 1144 1814 praepositionibus
1165 1733 1335 1813 compositis
1358 1733 1497 1813 eligendis

134 1839 281 1901 abstinuit
299 1837 463 1908 erroribus,
491 1837 570 1897 velut
593 1835 657 1907 6,2
686 1837 875 1898 sacerdotium
898 1842 959 1917 cepi
977 1837 1052 1898 male
1074 1835 1198 1898 reddidit
1217 1835 1276 1919 τὴν
1298 1828 1497 1920 ἀρχιερωσύ-

135 1963 199 2026 νην
223 1937 397 2025 ἀνείληφα.

236 2041 411 2106 ‘Verborum
439 2043 572 2106 ordinem
601 2044 775 2125 plerumque
798 2063 865 2105 enm
889 2063 975 2124 quem
1000 2044 1151 2122 Augustus
1173 2043 1336 2124 praeiverat
1362 2054 1496 2107 accurate

133 2150 271 2212 imitatus
298 2155 344 2210 est
371 2166 431 2210 non
452 2156 593 2228 reputans
616 2147 732 2227 saepius
755 2148 860 2209 bacin
889 2165 921 2208 re
943 2146 1022 2227 quod
1042 2147 1183 2208 Romanis
1206 2147 1305 2209 liceret
1328 2166 1387 2209 non
1409 2148 1498 2210 licere

130 2253 217 2314 idem
253 2251 379 2314 Graecis.
436 2250 500 2311 Non
534 2250 643 2311 babent
676 2251 868 2312 offensionem
899 2250 1000 2312 Latina
1033 2250 1088 2329 (2,
1116 2250 1155 2330 2)
1181 2255 1213 2312 ia
1242 2251 1391 2313 consulatu
1417 2263 1497 2314 sento

131 2375 252 2419 censum
270 2354 372 2436 populi
392 2354 507 2435 conlega
529 2353 567 2414 Μ.
583 2355 707 2434 Agrippa
734 2359 786 2434 ιμ’,
809 2355 919 2416 babent
934 2355 1040 2416 Graeca
1063 2354 1106 2432 (4,
1125 2355 1173 2415 10.
1192 2355 1242 2428 11)
1264 2347 1357 2416 ἕκτον
1372 2348 1498 2428 ὕπατος

132 2457 196 2541 τὴν
219 2453 440 2539 άποτελμησιν
462 2457 520 2519 τοῦ
542 2453 647 2538 δήμου
671 2451 877 2540 συνάρχοντα
899 2454 981 2535 ἔχων
1005 2454 1146 2539 Μάρκον
1163 2449 1353 2539 ’Λχρίππαν
1377 2454 1497 2539 ἔλαβον

133 2560 293 2640 diremptis
325 2578 400 2639 qnae
430 2577 490 2621 non
524 2567 608 2621 erant
636 2559 799 2622 dirimenda
827 2559 925 2622 verbis
955 2558 1013 2641 τὴν
1047 2553 1272 2642 άποτεέμησιν
1304 2570 1334 2623 et
1366 2558 1496 2641 ἔλαβον.

133 2665 278 2728 Similiter
299 2662 353 2724 alia
377 2664 469 2725 multa
491 2663 578 2724 etiarn
602 2671 703 2726 contra
726 2663 852 2743 Augusti
873 2663 1057 2743 exemplum,
1089 2664 1168 2727 velut
1189 2666 1276 2739 4,17
1298 2661 1398 2746 μόνος
1421 2665 1496 2727 male

134 2777 306 2849 separatum
333 2775 379 2828 est
400 2785 417 2828 a
438 2767 527 2828 verbo
550 2763 685 2848 ἔλαβον,
716 2775 795 2829 recte
818 2768 970 2846 Augustus
997 2767 1075 2830 solas
1103 2771 1172 2849 χιιι)
1200 2767 1300 2848 inepto
1321 2767 1386 2829 loco
1411 2769 1459 2842 10,
1477 2769 1515 2828 7·

96 2935 102 2947 ,
126 2867 328 2935 Ὀκταουίαν
350 2869 494 2930 insertum
518 2878 572 2943 est,
595 2870 673 2949 quod
697 2889 751 2931 suo
774 2871 838 2932 loco
859 2879 999 2950 posuerat
1020 2869 1179 2949 Augustus.
1224 2871 1412 2952 lapidarium
1435 2875 1496 2934 lor-

132 2984 215 3038 tasse
238 2993 321 3035 reum
345 2973 485 3034 faciemus
510 2973 594 3046 13‚3
616 2969 653 3034 ai
676 2972 707 3035 d’
730 2967 867 3056 ἥσσονες
894 2968 1030 3046 πλείους
1052 2970 1295 3057 ἐναυμάχησαν,
1323 2974 1375 3036 ubi
1396 2975 1497 3056 requi-

131 3081 214 3140 ritur
236 3072 272 3138 αἱ
295 3074 332 3137 δέ
347 3073 483 3148 πλείους
499 3069 635 3158 ἥσσονες
651 3073 764 3158 έναυμ.
787 3111 829 3120 -
851 3076 1045 3156 Negationum
1061 3077 1153 3156 legem
1170 3077 1354 3139 subtiliorem
1372 3079 1497 3158 turpiter

131 3180 255 3244 violarit
276 3179 421 3259 interpres
447 3178 550 3253 16,17
574 3173 735 3241 οὐδέποτε
757 3177 822 3261 πρδ
837 3174 954 3242 τούτου
971 3180 1052 3257 (τοῦ)
1073 3173 1191 3260 χρόνου
1215 3175 1382 3262 δοθεῖσαι
1404 3180 1498 3262 παρά

127 3281 305 3362 Ῥωμαίων
332 3277 483 3366 ἡγεμόνι,
512 3282 562 3344 ubi
589 3280 686 3343 omitti
707 3300 768 3342 non
791 3281 888 3362 potuit
913 3277 1033 3345 οὐδενί.
1061 3317 1094 3328 -
1119 3282 1198 3345 Nihil
1225 3283 1320 3344 dicam
1351 3283 1388 3344 de
1415 3284 1496 3346 verbi

131 3406 278 3468 generum
308 3405 366 3448 usu
388 3385 540 3465 ambiguo,
569 3403 748 3466 quamquam
780 3386 806 3458 1,
828 3385 848 3444 2
874 3383 912 3447 τὸ
935 3382 1121 3468 στράτευμα
1138 3382 1370 3469 ἡτοιμασάμην
1390 3386 1496 3449 melius

131 3498 216 3552 certe
238 3489 405 3569 scripsisset
420 3507 509 3569 quam
526 3489 605 3569 quod
623 3488 741 3569 scripsit
756 3481 922 3570 ἡτοίμασα
938 3491 988 3568 (cl.
1004 3488 1057 3550 llio
1072 3489 1123 3563 48,
1139 3488 1179 3549 35
1196 3492 1360 3570 capuceis,
1383 3485 1423 3573 ἡν
1438 3488 1496 3553 ἐπὶ

130 3591 213 3664 τοὺς
229 3587 387 3674 Πάρθους
409 3583 633 3674 ἡτοιμάζετο),
656 3591 765 3653 rectius
785 3591 908 3654 omnino
930 3592 986 3652 alio
1008 3592 1097 3654 verbo
1120 3611 1237 3666 usurus,
1260 3612 1355 3673 neque
1377 3593 1496 3673 litigabo

131 3713 207 3756 eum
229 3690 349 3756 bomine
372 3695 481 3756 Graece
503 3695 621 3757 indocto
642 3695 678 3757 de
701 3694 883 3775 singulorum
907 3696 1128 3757 enuntiatorum
1151 3695 1367 3770 coniunctione,
1391 3717 1496 3778 quam-

131 3816 225 3878 quam
254 3806 326 3860 sunt
352 3817 426 3878 quae
454 3798 500 3859 vel
529 3798 639 3861 tirones
667 3799 741 3860 male
768 3798 908 3873 babeant,
936 3799 1016 3860 velut
1036 3800 1120 3873 4,11
1145 3817 1223 3881 sqq.;
1256 3818 1317 3861 non
1338 3820 1498 3882 persequar

130 3903 208 3963 haec
229 3910 259 3962 et
281 3900 396 3975 similia,
419 3920 511 3982 pauca
533 3920 586 3983 per
608 3909 737 3964 saturam
761 3882 921 3963 additurus·
938 3911 1104 3964 memoratu
1126 3902 1220 3983 digna.
1265 3903 1405 3967 Confecto
1421 3905 1497 3967 bello

132 4003 213 4068 civili
235 4005 385 4085 Augustus
411 4005 438 4078 1,
463 4006 500 4066 15
523 4015 658 4067 externas
681 4013 782 4085 gentes
805 4005 913 4084 quibus
936 4011 1001 4065 tuto
1022 4004 1136 4085 ignosci
1156 4014 1257 4088 posset
1279 4027 1309 4068 se
1333 4007 1403 4070 dicit
1429 4026 1497 4070 coa-

130 4127 251 4172 semore
273 4127 359 4190 quom
381 4110 512 4172 αοολδαι
533 4110 683 4182 mutassem
705 4109 849 4189 pervertit
870 4110 942 4170 baec
957 4109 1028 4170 adeo
1043 4118 1078 4169 ut
1092 4109 1218 4171 absurda
1232 4111 1339 4172 fierent
1352 4111 1497 4191 interpres

133 4213 180 4288 (1,
200 4211 252 4289 23)
280 4210 411 4272 scribens
439 4209 548 4273 ἔσωσα
570 4209 696 4293 μᾶλλον
726 4208 745 4294 ἡ
768 4210 913 4296 έξέκοψα
966 4211 1134 4274 lnauditum
1158 4213 1243 4294 plane
1266 4213 1381 4276 dicendi
1404 4234 1497 4294 genus

132 4323 183 4377 est
205 4313 290 4389 223
318 4313 374 4374 καλ
405 4309 492 4398 ἡμην
517 4311 715 4397 τριακοστὸν
742 4314 798 4376 καλ
829 4313 972 4396 ἕβδομον
998 4313 1197 4400 δημαρχικῆς
1220 4314 1387 4392 ἔξουσίας,
1418 4318 1498 4398 quod

132 4437 175 4480 ne
202 4417 338 4480 Orosiani
364 4417 483 4498 quidem
511 4418 590 4498 quod
618 4417 760 4497 Berglrius
786 4418 922 4480 excitarit
949 4419 1075 4501 exempli
1102 4420 1220 4482 audacia
1247 4420 1346 4496 (Oros.
1369 4440 1397 4481 rr
1417 4440 1442 4484 ra
1466 4433 1499 4484 ut

132 4527 168 4584 ιἰι
185 4531 355 4602 perpetuum
378 4521 545 4584 tm'baaicloe
563 4525 710 4602 potestatis
724 4525 804 4597 esset)
821 4521 992 4604 explicatur,
1014 4523 1125 4585 nedum
1145 4523 1322 4584 detenditur.
1366 4522 1497 4604 Denique

133 4625 293 4687 ridiculum
309 4643 378 4687 sane
400 4625 581 4704 ignorantiae
601 4627 768 4708 exemplum
790 4626 937 4707 interpres
957 4627 1049 4688 edidit
1066 4627 1114 4697 15,
1132 4627 1181 4700 19,
1203 4633 1282 4688 recte
1297 4626 1326 4687 id
1341 4646 1356 4688 a
1373 4627 1497 4707 Berglrio

134 4727 311 4808 exagitatum
323 4748 332 4803 ;
355 4729 474 4809 scripsit
488 4730 640 4812 Augustus
663 4731 834 4794 solonates-ia
848 4731 947 4813 Africo
962 4730 1061 4794 Sicilia
1074 4730 1240 4793 Macedonio
1253 4739 1375 4818 utraque
1390 4729 1498 4811 Hispo-
