3525 5417
269 345 311 408 32
878 345 902 412 Ι,
920 347 954 402 45
974 349 1008 402 46

267 521 406 604 Princeps
432 531 551 584 senatus
581 525 675 585 lactus
702 532 748 586 est
770 525 919 605 Augustus
941 527 972 588 in
995 545 1084 588 censu
1106 547 1131 589 a.
1156 527 1217 590 726
1239 527 1305 607 (Dic
1329 528 1378 603 53,
1404 529 1452 610 1);
1481 531 1561 592 unde
1582 531 1621 592 sd

268 636 407 690 aestatem
435 646 459 688 a.
483 626 561 700 767,
590 646 647 706 qua
676 628 746 689 haec
767 630 918 708 Augustus
949 631 1083 711 scripsit,
1113 633 1182 694 anni
1209 641 1404 695 numerantur
1426 634 1622 714 quadraginta

267 731 374 811 integri
396 729 572 805 727-766,
594 749 654 793 non
676 732 851 813 computatis
873 735 969 814 primo
991 744 1021 796 et
1042 744 1182 798 extremo.

289 1035 355 1076 car.
374 1016 400 1088 1·,
417 1033 442 1076 os
458 1033 484 1074 ιε
514 1013 663 1094 [Pontem
688 1033 792 1095 augur,
815 1017 1083 1096 guindeu'moarulm
1108 1017 1197 1080 sacris
1214 1019 1374 1098 [suduodis
1393 1015 1398 1101 Ι
1417 1024 1622 1100 septeoeoirm

514 1119 676 1197 epulonum,
697 1120 792 1197 frater
814 1122 931 1193 arcolis,
952 1121 1055 1182 sodalis
1079 1119 1174 1195 Titius,
1194 1121 1312 1200 fete'olds
1334 1123 1385 1183 lui.

332 1243 377 1283 cn.
393 1223 422 1296 4,
438 1240 478 1282 τε
504 1216 692 1302 Ἀρχιερεύς,
708 1224 727 1295 5
741 1217 875 1305 αὔγουρ,
892 1226 910 1298 5
925 1223 989 1286 τῶν
1004 1223 1182 1288 δεκαπέντε
1196 1218 1334 1306 οἷν1δρῶν
1347 1226 1412 1287 τῶν
1424 1220 1622 1307 ἱεροποιῶν,

465 1344 478 1386 τ
508 1325 526 1398 5
550 1323 612 1384 τῶν
634 1318 720 1383 ἑπτὰ
733 1318 860 1406 ἀνδρῶν
876 1321 1073 1408 ἳεροποιΙῶν,
1096 1331 1114 1402 5
1128 1322 1292 1410 rddellpdg
1307 1323 1475 1410 ἀρουᾶλις,
1491 1333 1509 1404 5
1525 1326 1622 1391 ἑταῖ-

509 1447 564 1508 ρος
589 1427 714 1500 Τίτιος,
737 1429 755 1502 5
778 1427 967 1512 φητιᾶλις.)

267 1558 310 1620 Ex
332 1557 449 1619 Graecis
472 1555 593 1617 verbum
617 1555 832 1620 substantivum
854 1561 971 1623 ridetur
992 1562 1142 1626 excidisse.

366 1661 449 1734 Quod
473 1659 576 1721 deinde
597 1659 705 1721 mansit
725 1661 756 1721 in
777 1680 808 1722 re
830 1661 946 1743 publica
959 1662 1099 1738 Romana,
1123 1673 1156 1726 ut
1170 1665 1306 1746 princeps
1320 1666 1534 1728 adscriberetur
1556 1668 1623 1729 col-

266 1763 349 1845 legiis
381 1763 566 1826 sacerdotum
599 1763 751 1838 omuibus,
785 1784 859 1845 quae
892 1766 1009 1846 quidem
1041 1787 1100 1829 non
1133 1768 1208 1830 inlra
1240 1769 1303 1830 eius
1336 1769 1483 1850 fastigium
1518 1782 1624 1833 essent

267 1868 451 1947 (Stootsreoltt
473 1866 507 1941 2,
537 1867 617 1928 1047
629 1867 713 1948 seq.),
747 1867 776 1930 id
803 1869 839 1930 ab
867 1872 999 1950 Augusto
1022 1871 1125 1952 coepit.
1170 1872 1293 1945 Quande
1315 1874 1339 1935 is
1362 1874 1476 1953 singula
1497 1875 1621 1954 ceperit,

266 1972 415 2034 rideamus
444 1971 607 2032 secundum
635 1971 768 2032 ordinem
797 1973 1013 2047 commentarii,
1046 1975 1097 2054 qui
1119 1993 1179 2036 nou
1201 1977 1342 2057 temporis
1364 1987 1417 2052 est,
1445 1978 1496 2040 sed
1519 1977 1622 2058 digni-

268 2075 336 2137 tatis
358 2076 407 2156 (cl.
430 2075 598 2154 Marquardt
619 2074 890 2157 Stootsoemooltucg
912 2077 931 2138 3
954 2097 982 2157 p.
999 2076 1083 2158 214).

366 2178 500 2240 Pontifex
528 2178 688 2240 aCaesare
715 2179 857 2241 dictatore
884 2190 998 2243 creatus
1025 2189 1071 2242 est
1093 2181 1231 2244 Octavius
1259 2201 1284 2244 a.
1309 2183 1370 2245 706
1398 2193 1465 2264 post
1486 2203 1620 2264 pugnam

266 2282 460 2344 Pharsalicam
490 2281 635 2357 (Nicolaus
662 2281 857 2345 Damascenus
887 2285 959 2358 54:
994 2279 1154 2367 ἐνεγράφη
1187 2285 1234 2360 εἰς
1267 2285 1324 2368 την
1357 2282 1534 2370 ἱερωσύνην
1567 2288 1620 2360 εἰς

266 2384 323 2449 τὸν
352 2387 498 2449 Λευκίου
525 2387 687 2467 Δομιτίου
720 2384 826 2450 τόπον
857 2383 1118 2470 τετελευτηκότος
1150 2388 1206 2449 καὶ
1239 2384 1256 2451 ὁ
1285 2387 1388 2471 δῆμος
1414 2387 1504 2472 μάλα
1529 2411 1620 2473 προ-

266 2485 384 2572 θύμως
411 2484 645 2570 ἐχειροτόνησε.
692 2485 748 2552 καὶ
776 2485 794 2553 ὁ
816 2487 876 2572 μὲν
897 2483 967 2572 ἅμα
988 2490 1026 2578 τῇ
1048 2489 1234 2578 petel-iugo}
1255 2493 1312 2577 τῆς
1334 2490 1476 2576 ἐσθῆτος
1497 2493 1554 2555 καὶ
1575 2493 1622 2582 τῇ

266 2591 422 2676 καλλίστη
444 2592 523 2681 τιμῇ
545 2593 725 2674 κοσμηθεὶς
747 2589 836 2655 ἔθυε.
873 2593 974 2655 Cicero
988 2592 1062 2655 Phil.
1079 2595 1108 2668 5,
1126 2596 1175 2668 17,
1191 2596 1241 2657 46.
1271 2595 1396 2659 Velleius
1412 2599 1440 2671 2,
1456 2599 1506 2660 59.
1536 2598 1621 2660 Dru-

266 2715 357 2759 mann
379 2698 408 2771 4,
432 2695 493 2756 250
516 2714 545 2756 n.
563 2697 625 2773 74),
648 2696 726 2758 unde
747 2697 778 2759 in
800 2699 932 2759 nummis
949 2696 1061 2760 Octavii
1081 2718 1156 2778 quos
1178 2698 1290 2779 primos
1312 2700 1392 2762 cudit
1414 2720 1499 2782 saepe
1513 2702 1621 2783 ponti-

266 2801 370 2862 ficatus
392 2799 551 2860 invenitur.

364 2903 466 2982 Augur
487 2903 603 2982 quaudo
625 2905 719 2964 factus
741 2903 788 2977 sit,
811 2905 1019 2984 quaesiverunt
1033 2904 1222 2967 Drumannus
1244 2907 1286 2986 (4,
1303 2905 1379 2986 250)
1394 2917 1424 2970 et
1438 2907 1621 2987 Borghesius

266 3008 341 3087 (dec.
357 3025 439 3068 num.
456 3008 484 3079 7,
509 3007 527 3066 7
550 3024 617 3085 opp.
636 3006 662 3079 1,
686 3004 776 3085 3535
797 3008 912 3070 videtur
933 3019 1032 3070 autem
1054 3009 1082 3070 id
1107 3009 1300 3070 sacerdotium
1324 3010 1435 3090 cepisse
1450 3031 1475 3072 a.
1492 3011 1552 3073 713
1569 3014 1622 3074 vel

266 3111 338 3172 714.
381 3109 525 3171 Nimirum
553 3127 620 3170 cum
648 3108 711 3170 cusi
737 3119 808 3171 sunt
834 3112 950 3173 nummi
976 3111 1031 3174 sub
1058 3113 1178 3174 nomine
1206 3111 1269 3173 eius
1291 3121 1321 3174 et
1343 3111 1380 3173 Μ.
1396 3114 1513 3176 Antonii
1535 3116 1622 3178 hunc

265 3231 420 3292 augurem,
447 3212 546 3293 ipsum
568 3211 735 3292 pontificem
758 3213 943 3294 appellantes,
966 3215 1014 3277 alii
1035 3216 1123 3279 tertio
1145 3214 1265 3277 nomine
1286 3215 1368 3277 nullo
1390 3216 1486 3278 addito
1502 3217 1621 3298 (Cohen

264 3317 332 3379 Ant.
355 3326 385 3377 et
407 3315 506 3378 Oetam
523 3316 571 3394 2),
594 3314 642 3376 alii
663 3315 775 3377 adiecto
798 3317 917 3379 nomine
940 3317 977 3379 Μ.
994 3318 1121 3380 Barbatii
1143 3319 1173 3394 tl.
1190 3337 1214 3379 c.
1230 3339 1260 3380 n.
1277 3320 1305 3380 7.
1322 3318 1364 3393 8),
1387 3317 1420 3380 L.
1436 3319 1519 3382 Gellii
1541 3321 1573 3400 (l.
1588 3341 1619 3383 c.

267 3421 342 3482 n.9.
361 3419 426 3499 10),
449 3419 487 3481 Μ.
503 3419 612 3481 Nervae
635 3419 666 3500 (l.
683 3438 707 3480 c.
723 3439 753 3480 n.
769 3420 815 3495 6),
838 3430 982 3500 auguratu
1005 3421 1111 3494 caruit,
1139 3441 1174 3484 ex
1197 3422 1243 3484 his
1266 3430 1363 3484 autem
1387 3432 1466 3484 certe
1487 3424 1620 3487 Barbetii

266 3533 296 3586 et
317 3523 428 3585 Nervae
457 3523 525 3584 sacti
552 3532 622 3585 sunt
648 3544 673 3585 a.
697 3522 768 3584 713.
817 3523 890 3584 Nam
918 3525 996 3604 quod
1023 3543 1059 3585 ex
1080 3525 1126 3586 his
1149 3524 1180 3586 L.
1198 3525 1308 3587 Gellius
1330 3526 1365 3588 ad
1387 3526 1506 3588 Antonii
1527 3539 1621 3609 caput

265 3626 425 3708 simpulum
447 3626 624 3708 pontificale,
647 3626 682 3687 ad
705 3637 793 3706 caput
815 3626 944 3689 Caesaris
966 3627 1071 3690 lituum
1095 3629 1262 3708 auguralem
1285 3629 1428 3710 adpingit‚
1462 3631 1529 3693 inde
1555 3651 1620 3694 non

264 3740 343 3793 recte
371 3730 540 3809 colligemus
568 3740 726 3810 utrumque
756 3731 815 3792 duo
838 3732 996 3793 sacerdotia
1019 3732 1170 3808 habuisse,
1202 3735 1251 3796 sed
1275 3733 1319 3793 vel
1341 3753 1377 3794 ex
1395 3733 1490 3796 lubitu
1512 3753 1620 3797 moue-

265 3833 331 3896 tarii
359 3833 404 3894 vel
430 3851 584 3914 operarum
615 3832 726 3895 incuria
754 3834 837 3913 signa
863 3844 1029 3915 permutata
1057 3855 1129 3899 esse.
1174 3837 1246 3898 ltem
1276 3836 1301 3898 si
1323 3855 1390 3898 vere
1413 3837 1445 3898 L.
1461 3839 1620 3902 Barbatius

264 3938 300 3999 ad
322 3935 452 3998 Caesaris
474 3947 563 4018 caput
583 3936 705 4006 lituum,
733 3938 848 4000 nullum
878 3938 974 4001 simile
1001 3940 1116 4020 signum
1145 3940 1181 4001 ad
1204 3939 1322 4001 Antonii
1344 3942 1495 4022 apposuit,
1525 3943 1619 4004 nihilo

264 4039 363 4102 minus
396 4038 500 4102 lituum
535 4039 618 4101 illum
652 4040 743 4121 magis
776 4042 812 4103 ad
844 4041 1003 4105 Antonium
1038 4047 1198 4105 ret'eremus
1231 4063 1319 4124 quam
1353 4063 1421 4106 cum
1456 4046 1618 4125 Borghesio

264 4143 339 4224 (dec.
362 4163 444 4205 num.
461 4146 490 4218 7,
514 4145 532 4204 7
556 4164 622 4226 opp.
641 4146 667 4218 1,
691 4144 766 4224 353)
793 4147 828 4207 ad
855 4157 1029 4226 auguratum
1053 4147 1168 4209 Caesari
1190 4148 1382 4218 attributum,
1409 4147 1460 4208 sed
1483 4147 1546 4228 ipsa
1568 4167 1617 4210 res

263 4247 369 4309 nititur
397 4248 456 4309 sola
486 4247 583 4309 tabula
613 4247 780 4310 liorelliana
804 4251 926 4326 (Anton.
943 4250 971 4322 2,
995 4249 1041 4330 8),
1071 4269 1138 4312 oum
1167 4250 1344 4312 recentiores
1372 4269 1475 4312 omnes
1503 4249 1615 4324 (Cohen

264 4350 379 4413 Barbat.
397 4352 412 4410 1
437 4350 505 4430 cet.)
527 4369 595 4412 eum
618 4370 777 4413 nummum
799 4354 862 4414 sine
885 4353 958 4414 lituo
981 4363 1209 4434 repraesentent.
1246 4353 1290 4414 Ab
1312 4354 1400 4415 altera
1416 4362 1498 4434 parte
1514 4363 1617 4416 extant

264 4454 345 4517 aurei
366 4454 499 4534 inscripti
523 4453 554 4515 C.
578 4453 687 4516 Coesor
707 4474 762 4518 cos.
784 4468 861 4537 pout.
882 4477 947 4537 ουη.
973 4456 1084 4530 (Cohen
1107 4457 1187 4519 Caes.
1211 4467 1241 4519 et
1262 4458 1335 4536 Aug.
1352 4456 1385 4536 2)
1408 4468 1438 4518 et
1461 4456 1490 4517 C.
1510 4456 1616 4519 Coesor

262 4564 331 4638 imp.
346 4563 434 4620 moe
455 4577 480 4620 r.
493 4578 524 4638 p.
541 4578 563 4619 τ.
580 4569 656 4638 pout.
673 4578 738 4639 aug.
762 4559 873 4632 (Cohen
895 4559 962 4621 Ant.
985 4569 1015 4622 et
1036 4562 1108 4640 Aug.
1125 4579 1153 4621 n.
1171 4559 1203 4640 3)
1232 4559 1295 4622 cusi
1317 4570 1384 4623 ante
1407 4580 1495 4640 quam
1520 4561 1614 4641 impe·

263 4661 367 4723 ratoris
389 4679 568 4742 praenomen
589 4662 694 4723 Caesar
716 4662 792 4723 iilius
814 4663 944 4737 adscivit,
968 4663 996 4726 id
1019 4665 1098 4744 quod
1121 4664 1247 4745 sumpsit
1269 4682 1294 4726 a.
1312 4665 1372 4725 714
1393 4663 1613 4744 (Stootsreodtl

262 4783 291 4846 p.
307 4765 392 4845 744).
429 4765 584 4848 Reperitur
605 4775 754 4847 praeterea
776 4767 868 4828 lituus
890 4767 925 4828 ad
941 4777 1028 4848 caput
1043 4769 1173 4830 Caesaris
1188 4767 1219 4828 in
1234 4787 1322 4829 aureo
1338 4767 1372 4840 Q.
1390 4767 1510 4830 Voconii
1526 4767 1614 4830 Vituli
