3525 5417
235 275 302 340 134
829 270 864 339 V,
882 273 989 328 51-53

233 456 266 517 16
282 453 451 517 universum
467 455 503 514 cl.
520 453 601 514 Suet.
617 452 690 531 Aug.
707 449 761 510 21:
785 451 975 524 0666666666
992 453 1183 515 harbarorum
1202 456 1344 534 princpes
1359 458 1389 514 r'a
1404 455 1473 515 cede
1488 452 1589 513 Mortis

233 561 337 622 ultoria
365 562 465 620 iurare
487 559 573 636 eoepit
594 573 746 618 66666666
768 573 797 616 66
819 559 850 616 a'a
869 555 926 636 fide
947 567 973 618 et
991 574 1063 636 poce
1086 575 1171 638 quom
1190 567 1326 636 peterent.
1346 592 1386 600 -
1403 556 1588 636 Legationom

235 661 409 744 Scytharum
434 667 600 721 memorant
621 677 679 720 una
702 676 769 718 oum
786 656 885 719 ludica
907 657 1066 720 Suetonius
1081 657 1186 719 Florus
1202 657 1324 720 Orosius
1347 668 1448 720 auctor
1470 657 1590 720 deruis

233 764 407 838 illustribus,
437 763 638 825 Sarmatarum
665 759 769 822 Florus
799 770 830 822 et
856 769 960 822 auctor
988 761 1065 822 idem
1094 765 1132 836 (6.
1155 762 1192 822 ad
1216 762 1249 834 5,
1272 761 1341 838 50);
1369 761 1496 841 reliquae
1523 761 1591 822 alibi

234 887 293 929 non
315 867 514 928 nominantur.
549 865 626 926 Sunt
639 873 737 926 autem
753 863 854 944 popull
869 863 919 943 qui
936 863 983 926 hic
998 874 1210 927 enumerantur
1225 865 1463 927 transdanuviani
1478 883 1591 938 omnes,

235 969 369 1034 recensiti
392 969 495 1032 ordine
517 971 578 1029 iere
601 966 801 1048 geographico.
817 1003 856 1012 -
874 967 948 1028 Cum
972 967 1121 1029 Bastarnis
1143 989 1159 1029 6
1175 969 1292 1048 regione
1307 968 1431 1030 Moesiae
1446 968 1592 1030 inferioris

237 1085 321 1136 trans
336 1072 500 1135 Danuvium
524 1069 698 1150 degentibus
720 1070 828 1132 bellum
852 1070 944 1150 gessit
965 1089 991 1132 a.
1008 1071 1070 1133 725
1085 1070 1123 1132 M.
1140 1072 1263 1134 Crassus
1287 1072 1362 1144 (Lir.
1378 1092 1423 1154 ep.
1441 1072 1518 1145 134;
1540 1072 1593 1133 nio

236 1179 286 1252 51,
302 1176 352 1238 23.
369 1176 426 1250 aa,
448 1174 547 1236 Victor
567 1174 638 1254 epit.
656 1175 683 1247 1,
707 1173 749 1252 7).
765 1209 807 1218 -
823 1173 947 1253 Scythae
969 1173 1181 1255 intelleguntur
1202 1176 1266 1237 sine
1289 1176 1378 1237 dubio
1400 1176 1451 1256 qui
1473 1178 1594 1238 luerunt

235 1282 313 1344 inter
341 1279 505 1341 Danuvium
534 1287 566 1339 et
593 1277 806 1358 Borysthenem
834 1276 884 1357 (cl.
906 1277 1022 1338 Roeokh
1046 1278 1077 1339 C.
1094 1279 1114 1340 l.
1131 1279 1216 1340 (16.2
1239 1299 1267 1360 p.
1284 1278 1348 1359 82).
1371 1315 1413 1323 -
1436 1281 1593 1352 Sarmatas,

235 1403 362 1465 quorum
386 1401 469 1462 reges
491 1382 578 1443 etiam
603 1380 707 1442 titulus
723 1379 958 1460 Olbiopolitanus
974 1381 1004 1442 C.
1021 1381 1042 1441 l.
1060 1381 1109 1443 Gr.
1126 1383 1209 1445 2065
1225 1393 1447 1456 commemorat,
1470 1383 1595 1462 Augusti

235 1497 328 1551 aetate
356 1495 510 1566 utramque
533 1484 639 1546 Tanais
665 1483 759 1564 ripam
787 1484 920 1545 tenuisse
941 1485 1171 1548 commentarius
1194 1486 1352 1566 significat,
1382 1487 1462 1567 quod
1484 1487 1596 1548 accedit

236 1588 411 1652 testimoniis
432 1587 562 1649 collectis
583 1587 620 1648 ab
641 1586 744 1648 eodem
768 1585 915 1647 Boeclxhio
937 1586 957 1647 l.
973 1607 998 1648 o.
1015 1607 1044 1668 p.
1062 1587 1118 1662 833
1141 1608 1209 1650 nam
1233 1609 1300 1650 cum
1326 1589 1431 1651 Strabo
1454 1589 1483 1664 2,
1508 1591 1536 1664 5,
1553 1589 1594 1652 36

236 1714 264 1773 p.
283 1692 342 1754 128
366 1693 515 1754 Sarmatas
537 1690 674 1752 extendat
696 1690 846 1771 usquead
869 1689 980 1752 Tanain
1004 1701 1033 1752 et
1055 1691 1190 1772 paludem
1215 1692 1356 1765 Maeotin,
1387 1702 1484 1754 tamen
1506 1693 1595 1755 etiam

235 1796 312 1858 intra
334 1796 444 1857 Tanain
466 1803 497 1855 et
518 1794 680 1855 Caucasum
703 1812 754 1854 eos
776 1793 938 1875 posteriore
959 1813 1077 1874 quoque
1100 1803 1193 1856 aetate
1215 1795 1390 1858 habitavisse
1412 1795 1539 1858 efficitur
1559 1817 1596 1857 ex

239 1898 340 1961 Tacito
362 1917 429 1960 ann.
445 1898 474 1971 6,
490 1897 540 1959 33.
582 1897 744 1959 Confirmat
764 1896 795 1958 id
817 1895 931 1958 Plinius
953 1897 1091 1959 adserens
1114 1898 1217 1978 degere
1238 1918 1288 1960 eos
1310 1897 1386 1960 circa
1409 1898 1530 1959 Tanaim
1552 1899 1596 1977 (2,

239 2002 315 2075 108,
338 2001 468 2075 2466,
491 2001 524 2074 7,
549 2000 602 2079 19)
629 2000 665 2062 66
693 1999 855 2062 Caucasum
885 2019 977 2080 usque
1004 2001 1054 2080 (6,
1077 2003 1112 2072 5,
1137 2001 1348 2078 16.13,46).
1393 2003 1596 2064 Sarmatarum

237 2124 345 2168 nomeu
368 2124 435 2167 oum
458 2105 554 2186 ipsum
578 2105 656 2184 apud
679 2112 779 2184 poetas
794 2102 931 2183 aequales
946 2122 1005 2164 non
1021 2105 1194 2184 reperiatur,
1218 2104 1373 2184 significari
1389 2105 1526 2167 ridentur
1541 2106 1597 2168 suh

237 2209 357 2272 nomine
384 2208 577 2281 Colchorum,
609 2206 718 2286 quibus
745 2208 853 2268 Graeca
885 2207 1024 2271 fabulatio
1054 2208 1151 2269 locum
1180 2208 1256 2270 eirea
1285 2209 1395 2270 Tanain
1422 2209 1599 2270 adiudicarit

237 2312 403 2392 ibidemque
426 2310 529 2390 degere
552 2310 640 2372 etiam
655 2310 795 2372 lioratius
816 2311 914 2394 innuit
926 2308 957 2391 ¹).
987 2311 1113 2374 Gelonos
1128 2321 1159 2373 et
1173 2311 1316 2392 Vergilius
1331 2321 1465 2374 recenset
1479 2314 1549 2373 Aen.
1566 2313 1597 2386 8,

239 2415 300 2476 725
325 2415 403 2477 16166
430 2414 553 2495 populos
582 2413 724 2495 triumphi
746 2413 855 2475 Actiaci
884 2422 915 2475 et
935 2413 1073 2477 lioratius
1101 2434 1190 2477 carm.
1208 2415 1237 2490 2,
1260 2416 1279 2477 9
1302 2417 1352 2476 66.
1375 2415 1452 2477 inter
1479 2424 1598 2496 tropaea

238 2518 362 2598 Augusti
390 2519 446 2579 hoc
468 2536 584 2597 quoque
607 2518 708 2598 posuit
728 2522 807 2579 intro
824 2521 1036 2599 praecaptum
1060 2517 1179 2581 Gelonos
1201 2522 1311 2600 6616616
1333 2523 1459 2601 equitare
1482 2525 1598 2600 campis,

239 2622 431 2702 similiterque
451 2622 483 2682 in
502 2620 632 2682 carmine
654 2620 682 2695 3,
700 2620 728 2695 8,
744 2621 785 2682 23
810 2620 920 2702 scripto
940 2621 1015 2682 circa
1036 2629 1152 2702 tempus
1176 2621 1242 2683 belli
1259 2622 1366 2685 Actiaci
1388 2627 1446 2685 tom
1467 2623 1599 2702 Scythae,

238 2727 344 2806 inquit,
367 2726 435 2788 ioco
458 2727 634 2788 6666666166
656 2743 728 2786 creo
749 2726 846 2787 cedere
868 2729 982 2805 compes,
1008 2735 1041 2788 ut
1056 2734 1181 2806 utroque
1196 2724 1260 2786 loco
1276 2725 1420 2805 significet
1437 2725 1598 2787 terminum

239 2829 365 2909 aliquem
394 2826 534 2889 Sarmatis
567 2827 779 2909 praescriptum
812 2848 891 2900 esse,
924 2848 1012 2908 quem
1040 2849 1099 2890 non
1126 2829 1309 2890 excederent
1360 2827 1464 2891 Tanais
1492 2830 1602 2892 discors

241 2932 365 3011 6661666
387 2931 418 2991 16
441 2930 571 2991 carmine
592 2931 754 2992 eorundem
777 2949 922 2993 annorum
946 2931 974 3004 3,
991 2931 1042 3004 29,
1059 2931 1099 2993 28
1121 2933 1247 2992 tortasse
1270 2949 1338 2992 cum
1360 2931 1461 2992 eadem
1478 2951 1510 2992 re
1526 2951 1601 2993 eon-

240 3035 360 3097 iunctus
382 3043 436 3096 est.
481 3034 596 3095 Certum
628 3032 898 3113 interpretationem
922 3052 1022 3095 rerum
1045 3033 1203 3115 scriptores
1225 3052 1284 3095 non
1308 3034 1512 3115 suppeditant;
1536 3037 1601 3097 lieri

241 3147 353 3220 potest,
377 3147 409 3200 ut
431 3138 553 3199 Crassus
574 3136 651 3201 hello
673 3156 722 3211 eo,
745 3138 781 3198 66
804 3155 864 3217 666
886 3135 1023 3210 diximus,
1046 3137 1134 3200 etiam
1157 3157 1225 3200 cum
1250 3138 1392 3200 Sarmatis
1416 3137 1547 3200 uacum
1568 3149 1602 3200 61

242 3243 387 3305 61666661
406 3241 593 3304 condiciones
608 3238 645 3302 iis
660 3241 844 3321 imposuerit.
871 3241 1008 3302 Ceterum
1025 3241 1215 3322 interpretem
1231 3251 1309 3303 recte
1325 3241 1442 3303 monuit
1457 3241 1602 3322 ilerglrius

242 3367 271 3428 p.
289 3347 348 3408 115
371 3346 413 3408 616
436 3353 547 3408 vertere
568 3345 718 3407 debuisse:
740 3344 921 3427 Σαρματῶν
942 3345 1007 3406 acia
1027 3342 1167 3408 ἔπη-666
1186 3342 1292 3409 ὄντων
1305 3368 1332 3406 6.
1353 3347 1389 3406 Τ.
1406 3367 1442 3407 π.
1465 3343 1520 3406 καὶ
1535 3345 1603 3408 τῶν

244 3452 349 3533 πέραν
371 3447 530 3532 βασιλεῖς.
553 3484 593 3494 -
615 3449 793 3510 Albanorum
815 3467 914 3528 regem
929 3449 1159 3524 Pharnabazum,
1175 3450 1351 3512 Hiberorum
1368 3449 1507 3512 Zoberem
1532 3450 1602 3512 vicit

243 3575 269 3616 a.
286 3553 347 3616 718
375 3553 494 3615 Antonii
520 3551 659 3633 auspiciIs
685 3551 718 3612 P.
735 3552 872 3615 Canidius
895 3553 1017 3614 Crassus
1040 3551 1106 3632 (Dio
1129 3554 1184 3625 49,
1208 3553 1277 3630 24);
1306 3573 1374 3615 cum
1396 3554 1528 3634 Augusto
1556 3556 1603 3616 661

244 3659 299 3719 hos
322 3657 366 3718 vel
389 3657 494 3718 borum
518 3675 702 3718 successores
732 3654 942 3718 commercium
964 3656 1101 3717 habuisse
1129 3675 1215 3717 nemo
1237 3665 1386 3737 praeterea
1409 3656 1529 3718 tradidit
1550 3657 1601 3735 (61.

244 3762 280 3823 ad
302 3762 392 3834 6,1).
430 3760 567 3822 76616166
588 3767 686 3821 autem
703 3759 806 3821 Strabo
829 3760 858 3833 6,
874 3760 939 3833 4,2
962 3779 989 3838 p.
1006 3758 1067 3821 288
1091 3759 1248 3831 Romanos,
1273 3760 1322 3821 ubi
1344 3759 1442 3835 velint,
1465 3762 1603 3823 dominos

245 3865 291 3926 his
313 3882 431 3944 quoque
452 3862 621 3924 nationibus
644 3863 722 3924 dare.
744 3897 785 3907 -
800 3862 842 3924 lle
857 3861 950 3924 hiedis
973 3861 1036 3923 6166
1059 3880 1132 3942 6666
1154 3882 1242 3944 supra
1265 3883 1293 3945 p.
1311 3863 1438 3944 169666.
1462 3863 1601 3926 diximus.

346 4098 368 4166 ¹)
387 4115 463 4151 earm.
478 4101 501 4162 3,
515 4101 540 4161 4,
552 4099 597 4149 356
626 4101 709 4149 airam
730 4101 892 4166 pharetratos
912 4095 1016 4150 Gelonos
1033 4103 1056 4148 et
1074 4097 1220 4164 Scythicam
1237 4097 1376 4151 inviolator
1393 4115 1501 4150 caraem.
1538 4101 1604 4168 Sey-

246 4187 305 4237 thae
327 4201 383 4237 cnm
405 4187 470 4252 apud
489 4185 628 4248 Vergilium
651 4185 723 4235 nodo
747 4185 777 4234 ad
796 4185 875 4235 0666
895 4185 954 4247 (egl.
970 4187 990 4250 l,
1003 4186 1054 4249 65),
1077 4185 1149 4235 modo
1173 4183 1202 4234 ad
1222 4183 1372 4236 Maeotidem
1392 4189 1489 4250 (georg.
1505 4187 1526 4250 l,
1540 4185 1606 4251 319)

248 4271 401 4336 referantur,
420 4279 449 4321 61
465 4286 521 4321 enar
540 4273 696 4335 cogitavisse
714 4279 837 4337 appareat
855 4272 886 4320 66
904 4271 1024 4322 universa
1042 4271 1147 4337 Scythia
1166 4277 1215 4321 tam
1234 4272 1350 4322 Asiatica
1369 4287 1440 4338 quam
1460 4271 1605 4338 Europaea,

246 4360 312 4428 apud
330 4359 461 4409 iloratinm
487 4365 514 4408 et
534 4358 645 4424 epitheta
666 4359 843 4424 campestrium
861 4355 1074 4423 profugorumque
1098 4365 1123 4408 et
1142 4357 1205 4423 quod
1225 4356 1321 4408 Tanain
1341 4357 1486 4425 Scythicum
1506 4373 1604 4409 amnem

248 4447 320 4509 dicit,
342 4453 373 4495 66
391 4444 518 4509 Europam
541 4445 647 4506 ducunt,
670 4443 869 4508 crediderimqoa
892 4444 955 4509 apud
978 4445 1043 4493 huno
1062 4452 1160 4510 poetam
1177 4445 1257 4508 magis
1275 4459 1346 4509 quam
1364 4444 1508 4508 Vergilium
1527 4446 1606 4496 etiam

247 4535 273 4584 16
300 4529 422 4581 fabulosis
441 4546 558 4581 verarum
582 4545 666 4580 rernm
684 4543 818 4579 memorem
836 4529 882 4578 snb
902 4543 931 4578 co
950 4545 1045 4595 quoque
1068 4531 1166 4580 nornine
1183 4531 1312 4582 Sarmatas
1331 4531 1488 4598 potissimum
1506 4531 1606 4596 signill-

251 4618 313 4670 eari.
354 4618 424 4681 Quod
446 4624 629 4683 componuntur
647 4632 701 4666 eum
723 4616 797 4666 llaeia
816 4617 904 4678 (carm
925 4619 948 4680 1,
965 4615 1006 4678 35,
1024 4616 1059 4680 9),
1083 4615 1184 4668 Parthis
1206 4618 1292 4682 (66666.
1309 4620 1331 4682 1,
1353 4619 1391 4682 19,
1410 4619 1448 4668 16.
1466 4619 1491 4683 t,
1509 4619 1533 4683 5,
1550 4619 1605 4680 25),

250 4701 530 4769 6661616616(66666.2,
549 4707 588 4769 11,
609 4702 1001 4772 1),6666616666666661666ι6
1020 4703 1113 4755 nullam
1133 4703 1235 4754 indicat.
