3525 5417
1468 369 1532 437 V,
1570 370 1778 426 24—31
2857 376 2881 437 1
2903 378 2970 437 11

272 568 334 609 ex
384 547 569 609 Dione
612 550 712 620 51,
763 548 861 620 16,
917 548 1092 609 modo
1146 547 1197 608 is
1243 566 1316 610 ne
1359 549 1585 610 errarit.
1660 549 1792 611 Filii
1834 568 1968 611 cum
2016 548 2201 629 patris
2246 549 2306 610 in
2353 549 2686 629 captivitate
2731 551 2976 613 comites

273 651 400 712 facti
452 660 675 723 essent,
736 650 991 712 Artaxen
1045 652 1179 729 fuga
1234 652 1495 732 elapsum
1558 662 1617 714 et
1660 653 1904 713 domum
1952 671 2253 713 reversum
2302 652 2609 732 (Iosephus
2669 656 2766 728 15,
2809 655 2866 727 4,
2912 654 2975 731 3)

271 753 526 814 Armenii
568 772 763 833 regem
812 752 925 814 sibi
968 754 1422 816 constituerunt.
1499 754 1713 818 Contra
1759 775 1894 818 eum
1942 775 2077 817 cum
2110 755 2296 817 Medis
2327 756 2567 817 Antonii
2613 766 2739 818 tum
2780 766 2977 837 partes

271 857 544 937 amplexis
599 856 858 937 primum
918 875 1014 918 res
1059 875 1337 945 prospere
1382 858 1656 920 cessisset
1697 868 1863 938 parte
1906 858 2214 920 Armeniae
2258 867 2572 939 occupata,
2631 858 2773 921 item
2820 859 2976 922 Tiri-

271 959 427 1020 dates
479 960 801 1039 expulisset
849 958 1249 1020 adversarium
1305 960 1624 1034 Phraaten,
1682 980 1820 1022 mox
1879 970 2088 1023 ruente
2132 962 2369 1023 Antonii
2419 962 2678 1042 potentia
2721 963 2783 1023 hi
2825 983 2977 1042 quo-

269 1081 379 1141 que
424 1062 567 1123 socii
611 1062 738 1124 eius
780 1062 918 1124 victi
961 1072 1105 1125 sunt
1147 1072 1207 1124 et
1235 1063 1518 1125 Phraates
1563 1063 1972 1126 adiuvantibus
2007 1064 2237 1144 Scythis
2280 1064 2590 1126 restitutus
2633 1065 2696 1125 in
2727 1084 2974 1144 regnum

268 1174 594 1245 paternum,
641 1167 884 1227 Artaxes
926 1185 1161 1246 quoque
1206 1167 1267 1227 in
1310 1175 1537 1246 partem
1584 1167 1747 1246 regni
1791 1166 2086 1238 amissam,
2134 1166 2318 1227 Media
2364 1167 2592 1227 veroin
2625 1177 2975 1248 potestatem

268 1268 523 1329 hostium
567 1267 729 1328 venit
772 1278 832 1330 et
867 1268 994 1348 ipse
1025 1288 1128 1329 rex
1157 1277 1363 1348 captus
1394 1277 1485 1330 est
1515 1269 1646 1347 (Dio
1677 1270 1779 1341 49,
1811 1270 1921 1342 443
1953 1268 2247 1330 Plutarch.
2278 1269 2412 1331 Ant.
2446 1268 2571 1345 53).
2633 1270 2747 1331 Sed
2776 1288 2975 1331 rerum

267 1371 486 1450 potitus
531 1371 830 1449 Augustus
890 1389 1028 1432 cum
1070 1371 1311 1432 Antonii
1375 1371 1722 1433 adversariis
1767 1371 2017 1433 Phraate
2061 1370 2279 1433 Partho
2332 1381 2393 1433 et
2446 1372 2655 1433 Artaxe
2697 1373 2977 1435 Armenio

265 1482 492 1535 tantum
546 1472 747 1534 aberat
800 1483 869 1535 ut
916 1474 977 1535 in
1023 1473 1266 1553 gratiam
1335 1474 1571 1547 rediret,
1640 1483 1709 1536 ut
1772 1473 2240 1535 adversariorum
2296 1483 2493 1555 partes
2548 1475 2732 1554 magis
2785 1475 2979 1537 susci-

264 1587 446 1657 peret.
532 1575 608 1637 Et
663 1576 980 1639 Tiridatem
1049 1578 1285 1657 quidem
1353 1577 1704 1639 Parthorum
1773 1596 1971 1656 regem
2039 1577 2127 1638 vel
2192 1577 2390 1656 potius
2456 1597 2703 1657 regnum
2770 1597 2974 1640 eorum

264 1681 649 1741 adfectantem
709 1689 837 1741 turn
899 1679 1232 1758 confugisse
1292 1680 1362 1740 ad
1409 1680 1711 1741 Caesarem
1759 1679 1913 1741 infra
1959 1680 2053 1757 (ad
2101 1680 2159 1752 5,
2191 1680 2296 1754 54)
2342 1679 2691 1743 videbimus
2778 1680 2979 1741 Artaxi

264 1783 575 1843 Armeniae
630 1782 753 1861 regi
810 1782 1113 1861 Augustus
1166 1801 1301 1843 cum
1347 1791 1725 1844 succenseret
1767 1791 2007 1862 propter
2058 1782 2211 1844 cives
2256 1782 2552 1844 Romanos
2597 1783 2661 1842 in
2704 1782 2978 1844 Armenia

264 1885 579 1947 crudeliter
630 1885 969 1947 interfectos
988 1896 1009 1957 ,·
1062 1888 1271 1946 fratres
1327 1885 1455 1947 eius
1499 1885 1890 1947 Alexandreae
1943 1893 2208 1965 repertos
2253 1885 2474 1965 petenti
2517 1885 2573 1946 ei
2617 1904 2736 1946 non
2780 1885 2978 1947 reddi-

264 1988 365 2061 dit,
412 1989 516 2050 sed
545 1988 794 2049 Romam
841 2007 1041 2050 secum
1089 1988 1252 2050 duxit
1295 1988 1423 2057 (Dio
1452 1989 1491 2049 l.
1523 1988 1602 2067 c.)
1645 2006 1837 2068 neque
1881 1996 2079 2048 tamen
2123 2006 2193 2048 eo
2241 1996 2504 2067 tempore
2549 1987 2976 2069 expeditionem

264 2099 467 2152 contra
519 2109 655 2152 eum
711 2091 985 2171 suscepit.
1086 2091 1202 2151 Sed
1256 2090 1560 2152 Artavasdi
1616 2090 1919 2152 Medorum
1977 2090 2127 2169 regi,
2170 2082 2356 2169 'quem
2410 2090 2721 2153 liberatum
2778 2091 2978 2154 nescio

263 2213 381 2273 quo
437 2193 615 2254 modo
691 2212 763 2254 ex
816 2193 1149 2273 captivitate
1202 2193 1524 2273 supplicem
1585 2194 1654 2254 ad
1711 2212 1774 2254 se
1831 2192 2164 2272 confugisse
2208 2194 2509 2271 Augustus
2567 2194 2772 2256 scribit
2825 2194 2977 2256 infra

264 2297 320 2368 6,
373 2297 441 2368 1,
507 2295 729 2357 scilicet
777 2294 1034 2357 Antonio
1103 2295 1329 2356 devicto
1386 2315 1437 2357 a.
1485 2295 1606 2357 723
1667 2297 1757 2358 vel
1818 2295 1941 2356 724
2002 2295 2134 2374 (Dio
2181 2297 2280 2367 51,
2330 2296 2436 2357 16:
2503 2295 2621 2378 τὴν
2671 2295 2794 2379 μὲν
2849 2319 2978 2377 γαρ

255 2393 577 2481 Ἰωτάπην
624 2399 716 2481 τῷ
766 2397 983 2482 Μήδῳ
1049 2395 1496 2479 καταφυγόντι
1540 2397 1706 2481 μετὰ
1745 2396 1864 2480 τὴν
1904 2391 2102 2480 ἧτταν
2146 2395 2313 2479 πρὸς
2359 2393 2559 2460 αὐτὸν
2602 2394 2767 2461 ἑκών
2809 2394 2979 2461 ἆπέ-

263 2498 459 2579 δωκε)
511 2500 730 2581 quique
784 2501 915 2562 sine
967 2500 1145 2562 dubio
1202 2519 1307 2562 rex
1352 2501 1654 2563 Medorum
1707 2511 1800 2564 est
1843 2501 2183 2562 nominatus
2230 2502 2286 2574 5,
2320 2501 2398 2562 53
2444 2501 2601 2563 inter
2643 2520 2829 2582 reges,
2877 2503 2979 2583 qui

260 2623 368 2685 per
410 2604 631 2683 legatos
660 2603 1063 2665 Romanorum
1108 2603 1424 2666 amicitiam
1469 2604 1796 2686 petiissent,
1839 2622 1959 2664 non
2005 2604 2197 2665 solum
2232 2603 2410 2665 filiam
2444 2604 2684 2684 lotapen
2726 2605 2980 2667 reddidit

258 2706 394 2786 (Dio
440 2707 477 2768 l.
509 2705 618 2784 c.)‚
676 2707 777 2768 sed
822 2726 959 2768 eum
1006 2706 1307 2768 collocavit
1349 2706 1412 2768 in
1455 2707 1731 2768 Armenia
1777 2707 2036 2779 minore,
2095 2706 2223 2768 sine
2267 2706 2446 2769 dubio
2492 2717 2558 2769 ut
2601 2707 2829 2782 Anaxi,
2875 2708 2979 2788 qui

255 2809 460 2889 ipsum
504 2828 576 2870 ex
620 2808 806 2870 Media
846 2809 1168 2890 expulerat,
1213 2809 1275 2869 in
1318 2809 1497 2871 latere
1542 2810 1772 2891 positus
1802 2809 2198 2883 insidiaretur,
2246 2818 2314 2871 ut
2342 2809 2613 2871 similiter
2657 2810 2976 2873 Tiridatem

257 2921 389 2974 tum
422 2911 484 2972 in
517 2912 681 2992 Syria
713 2913 920 2992 degere
949 2911 1141 2974 iussit.
1199 2911 1346 2973 Nam
1378 2913 1536 2992 quod
1559 2912 1666 2974 Dio
1694 2915 1876 2974 refert
1905 2914 2005 2984 54,
2031 2912 2070 2974 9
2100 2931 2151 2973 a.
2180 2911 2304 2972 734
2335 2912 2668 2991 Augustum
2699 2914 2978 2976 Archelao

254 3014 380 3093 regi
437 3014 830 3095 Cappadociae
884 3014 1113 3076 dedisse
1156 3014 1492 3076 Armeniam
1555 3017 1875 3089 minorem,
1935 3011 2037 3079 ὅτι
2098 3012 2134 3078 ὁ
2183 3013 2420 3098 Μῆδος
2475 3010 2510 3077 ὁ
2568 3014 2730 3096 πρὶν
2783 3011 2980 3100 αὐτῆς

253 3115 634 3196 βασιλεύων
677 3115 1043 3201 ἐτεθνήκει,
1088 3137 1158 3178 eo
1204 3117 1368 3179 ducit
1409 3136 1537 3179 eam
1582 3118 1883 3198 regionem
1929 3137 1979 3179 c.
2011 3137 2063 3180 a.
2095 3118 2220 3179 724
2265 3118 2337 3178 ab
2366 3119 2633 3197 Augusto
2676 3119 2981 3181 Artavasdi

251 3238 599 3282 concessam
642 3239 790 3282 esse.
864 3222 932 3281 A.
965 3220 1089 3281 734
1134 3220 1224 3281 vel
1262 3221 1456 3301 paullo
1488 3230 1622 3282 ante
1652 3221 2029 3283 Artavasdem
2063 3221 2278 3282 obiisse
2307 3241 2377 3282 ex
2407 3222 2614 3282 eodem
2646 3220 2774 3282 loco
2803 3221 2980 3282 intel-

251 3323 507 3404 legitur3
561 3323 705 3386 obiit
760 3332 957 3385 autem
1004 3323 1223 3385 Romae
1282 3342 1469 3385 annos
1523 3333 1697 3385 natus
1756 3325 2297 3403 undequadraginta
2342 3333 2492 3385 teste
2536 3324 2706 3386 titulo
2750 3325 2978 3386 urbano

253 3428 320 3488 C.
350 3427 397 3487 1.
430 3426 496 3487 L.
527 3426 625 3499 VI,
677 3426 839 3488 1798
893 3426 1113 3507 scripto
1155 3426 1218 3488 in
1261 3445 1438 3508 parva
1480 3427 1688 3488 tabella
1735 3427 2100 3510 marginibus
2145 3427 2469 3500 exornati8‚
2527 3426 2735 3488 litteris
2779 3437 2979 3490 autem

253 3528 621 3610 elegantibus
664 3548 857 3608 neque
901 3529 1357 3591 abhorrentibus
1401 3529 1474 3590 ab
1517 3538 1705 3591 aetate
1748 3530 2043 3609 Augusta:

631 4054 784 4516 p
924 4043 2317 4295 ·TAssAsDEs

776 4324 2256 4467 §Reusfflossskzfflxs
2434 4472 2510 4483 ,

728 4522 738 4563 ’
835 4483 2647 4652 ·ANNos·><XXV1111·h

886 4657 1002 4742 v
1159 4641 2681 4815 Qoewffi‘w‘-
