3525 5417
272 318 334 384 176
752 313 1136 380 cenomanensium

268 492 326 570 τός
347 519 383 558 τε
398 492 498 569 ἄλλας
513 490 614 576 ἀρχὰς
629 491 858 567 ἐπιτετελεκὼς
873 494 928 556 καὶ
945 492 1003 557 διὰ
1018 496 1136 558 πασῶν
1152 491 1290 571 ὁδεύσας
1310 491 1434 572 ὕπατος
1449 501 1622 577 γενέσθαι,

267 595 357 661 τότε
371 591 632 678 ἄλλαόξιῶματι
648 598 761 678 μέγας,
785 595 845 660 σὺν
860 591 985 675 ὀλίγοις
1005 595 1063 661 ἐπὶ
1077 600 1199 682 Συρίας
1222 601 1344 683 παρῆν,
1367 595 1435 665 ὑπὸ
1454 605 1624 684 Καίσαρος

269 698 478 784 δικαιοδότης
492 700 551 764 τοῦ
566 698 688 774 ἔθνους
703 695 948 782 ἀπεσταλμένας
963 695 1020 764 καὶ
1033 699 1169 784 τιμητὴς
1183 702 1247 765 τῶν
1262 699 1384 767 οὐσιῶν
1395 701 1621 788 γενησόμενος,

268 805 393 884 danique
410 803 459 880 18,
472 803 530 878 2,1
547 812 702 885 postquam
719 802 887 875 Quirinium
903 804 1157 866 commemoravit:
1180 805 1245 870 τῶν
1267 802 1500 892 ἀποτιμήσεων
1520 812 1623 892 πέρας

269 905 425 986 ἐχουσῶν,
449 908 489 968 cl
508 901 659 983 ἐγένοντο
674 907 857 991 τριακοστῷ
872 905 927 968 καὶ
944 904 1075 992 ἑβδόμῳ
1092 905 1156 970 ἔτει
1179 908 1261 992 μετὰ
1270 906 1446 974 Ἀντωνίου
1461 910 1496 975 ἐν
1506 907 1620 996 Ἀκτίῳ

267 1003 367 1093 ἧτταν
388 1004 455 1073 ὑπὸ
475 1011 653 1092 Καίσαρος,
676 1011 727 1090 qui
750 1029 844 1072 annus
866 1020 913 1073 est
927 1012 1042 1087 759l60
1066 1031 1094 1074 u.
1110 1032 1135 1074 c.
1172 1014 1226 1076 llic
1241 1015 1319 1076 enim
1335 1035 1442 1078 census
1457 1016 1619 1089 aQuirinio

266 1115 421 1178 institutus
442 1133 510 1175 vere
532 1113 645 1194 primus
667 1113 732 1187 luit,
755 1133 843 1195 quem
866 1115 992 1176 Romani
1012 1117 1042 1178 in
1066 1114 1229 1179 Palaestina
1249 1120 1392 1181 fecerunt„
1430 1119 1620 1182 thoantem

266 1237 388 1280 censum
412 1217 511 1299 Syriae
533 1226 611 1279 recte
632 1220 797 1280 reserentur
818 1238 893 1299 quae
915 1218 951 1280 de
974 1209 1064 1281 censu
1078 1219 1296 1300 Apamenorum
1320 1223 1356 1284 ad
1371 1222 1514 1285 Orontem
1537 1223 1620 1286 iussu

266 1321 392 1395 Quirinii
414 1324 490 1382 lacto
511 1321 542 1382 in
566 1320 651 1383 titulo
674 1322 783 1383 Veneto
805 1321 906 1402 (supra
928 1341 958 1403 p.
972 1322 1045 1402 166)
1073 1324 1238 1386 traduntur.
1282 1323 1359 1385 Eum
1380 1342 1503 1388 censum
1527 1323 1620 1388 Lucas

266 1445 321 1488 suo
343 1444 442 1486 errore
463 1425 499 1487 ad
522 1424 623 1486 orbem
640 1434 783 1487 terrarum
800 1426 938 1500 extendit,
961 1445 1030 1489 eum
1045 1445 1113 1488 vere
1127 1427 1302 1509 pertinuerit
1317 1429 1352 1489 ad
1368 1428 1483 1509 Syriam
1498 1430 1619 1511 provin-

265 1529 340 1590 ciam
362 1529 469 1603 solam;
491 1527 562 1590 item
585 1547 683 1591 errore
708 1529 771 1602 1,5
794 1529 893 1609 posuit
917 1529 989 1590 haec
1010 1530 1141 1592 euenisse
1164 1527 1198 1592 ἐν
1219 1538 1294 1604 ταῖς
1316 1525 1453 1614 ἡμέραις
1473 1527 1620 1612 Ἡρώδου

266 1632 326 1694 τοῦ
341 1627 505 1713 βασιλέως
518 1629 575 1712 τῆς
582 1621 757 1706 Ἰουδαίας,
773 1651 841 1693 cum
853 1631 983 1694 Herodes
999 1633 1156 1694 excesserit
1169 1653 1195 1694 a.
1209 1635 1269 1695 750
1285 1653 1352 1696 vere
1365 1634 1469 1711 (ldeler
1483 1634 1620 1697 Chronol.

266 1734 296 1807 2,
309 1734 393 1814 300).
438 1735 487 1796 Ris
507 1753 623 1796 censam
644 1753 708 1795 esse
730 1735 865 1798 ludaeam
887 1735 1052 1808 aQuirinio
1074 1744 1104 1797 et
1125 1735 1254 1816 primum
1277 1737 1396 1817 quidem
1419 1757 1454 1799 eo
1476 1746 1620 1819 tempore,

176 1868 178 1871 ·
267 1859 326 1919 quo
347 1858 364 1900 a
385 1838 526 1901 Romanis
549 1838 629 1900 nullo
653 1839 740 1901 modo
762 1839 874 1901 censeri
895 1839 993 1920 potuit
1014 1857 1147 1920 quaeque
1170 1839 1233 1901 eius
1260 1839 1375 1919 generis
1401 1839 1455 1901 alia
1482 1840 1621 1902 homines

265 1943 394 2022 theologi
415 1943 460 2005 vel
481 1961 541 2004 non
564 1943 699 2021 theologi,
722 1943 773 2004 sed
796 1943 831 2004 sd
853 1942 947 2004 instar
969 1943 1169 2023 theologorum
1186 1962 1221 2004 ex
1236 1943 1360 2005 vinculis
1376 1943 1621 2017 sermocinantes,

265 2065 301 2106 ex
323 2045 418 2108 Lucae
433 2045 573 2107 relatione
588 2045 663 2106 effici
678 2065 764 2126 posse
779 2045 836 2107 sibi
850 2046 992 2126 primum,
1016 2066 1084 2108 mox
1098 2046 1162 2108 aliis
1177 2055 1396 2126 persuaserunt,
1419 2065 1520 2108 rerum
1536 2047 1620 2126 gnari

264 2168 448 2229 nequaquam
477 2157 621 2222 statuent,
655 2149 706 2211 sed
740 2151 796 2211 hoc
829 2158 961 2212 statuent
982 2149 1090 2212 Lucam
1122 2150 1152 2211 in
1181 2169 1279 2211 rerum
1309 2150 1450 2212 memoris
1479 2150 1619 2211 tradenda

264 2253 421 2333 losephum
445 2252 519 2314 male
541 2252 713 2332 compilasse
735 2262 765 2315 et
785 2272 853 2314 vera
880 2252 961 2315 falsis
989 2253 1152 2315 miscuisse.
1203 2252 1303 2333 Neque
1338 2254 1367 2315 id
1400 2272 1460 2314 non
1492 2253 1621 2333 pervidit

264 2356 353 2418 bomo
375 2376 435 2418 non
457 2356 539 2419 rudis
562 2365 591 2417 et
613 2357 682 2418 satis
697 2364 801 2418 acutus
816 2355 1032 2430 Tertullianum
1054 2373 1122 2416 nam
1140 2364 1173 2418 ut
1188 2357 1333 2418 mutraria
1354 2356 1403 2418 illa
1417 2357 1539 2418 evitaret
1553 2359 1617 2418 lor-

264 2469 342 2522 tasse
364 2459 474 2522 obiecta
501 2458 672 2521 Christianis
694 2459 730 2520 ab
751 2460 849 2540 aliquo
874 2477 977 2520 eorum
1003 2458 1176 2532 adversario,
1200 2459 1369 2533 Quirinium
1399 2460 1523 2522 missum
1546 2459 1618 2521 lecit

264 2583 428 2644 censusque
450 2564 514 2625 illos
536 2563 639 2625 scribit
660 2564 735 2636 (adv.
751 2562 926 2624 Marcionem
944 2564 972 2635 4,
988 2562 1039 2640 19)
1062 2571 1137 2624 octos
1159 2564 1210 2625 sub
1233 2565 1358 2644 Augusto
1385 2569 1416 2625 ιἰτ
1438 2562 1545 2626 ludusa
1564 2583 1620 2642 per

264 2666 393 2729 Semahm
414 2666 615 2742 Saturninum,
637 2665 749 2728 scilicet
770 2667 820 2746 qui
842 2665 1002 2746 praetuerit
1024 2665 1123 2745 Syriae
1145 2665 1210 2727 rivo
1232 2663 1356 2728 Herode.
1380 2703 1420 2712 -
1443 2666 1521 2733 lisso
1541 2685 1620 2747 quae

263 2771 462 2832 enarravimus
496 2789 564 2832 oum
594 2771 629 2832 de
656 2769 790 2842 Quirinio
817 2769 891 2830 nihil
919 2768 1042 2830 doceant
1074 2787 1133 2830 non
1167 2770 1318 2850 cognitum
1352 2770 1484 2843 aliunde,
1519 2768 1618 2831 Lucae

262 2873 391 2935 narratio
420 2873 476 2935 alio
502 2872 622 2934 nomine
648 2875 772 2934 fortasse
794 2873 830 2934 ad
852 2881 984 2934 nostram
1013 2891 1074 2932 rem
1104 2871 1173 2933 iacit
1200 2872 1388 2953 prioremque
1410 2871 1510 2953 Syriae
1536 2873 1619 2951 lega-

263 2976 372 3039 tionem
396 2976 521 3049 Quirinii
543 2977 760 3055 quodammodo
788 2977 906 3057 etipsa
933 2976 1096 3037 confirmat.
1140 2974 1213 3036 Nam
1240 2975 1335 3056 pergit
1353 2974 1447 3037 Lucas
1470 2975 1499 3048 3,
1518 2977 1544 3034 1.
1576 2974 1618 3036 23

262 3080 362 3141 lesum
392 3081 523 3161 coepisse
551 3080 665 3161 publice
695 3079 826 3161 proiiteri
852 3098 930 3141 anno
957 3078 1071 3141 decimo
1099 3078 1201 3158 quinto
1229 3077 1337 3140 'liberii
1365 3078 1495 3141 Caesaris
1523 3096 1619 3140 annos

261 3192 364 3244 natum
380 3182 497 3244 circiter
512 3182 644 3262 triginta3
660 3182 737 3243 unde
748 3182 945 3244 Tertullianus
958 3182 1034 3257 (adv.
1045 3180 1168 3244 ludaeos
1184 3200 1209 3242 c.
1223 3181 1255 3260 8)
1268 3181 1373 3262 aliique
1389 3181 1503 3261 antiqui
1518 3190 1619 3262 patres

261 3287 428 3367 complures
450 3287 630 3367 collegerunt
645 3285 792 3347 Christum
816 3295 919 3347 uatum
942 3304 1022 3347 essse
1044 3304 1121 3347 anno
1136 3283 1261 3364 Augusti
1279 3285 1502 3365 quadragesimo
1519 3283 1618 3364 primo

262 3390 306 3451 vel
328 3390 550 3471 quadragesimo
573 3390 702 3451 secundo
724 3390 784 3451 sire
806 3408 831 3450 a.
855 3409 885 3451 u.
908 3409 933 3450 c.
951 3389 1008 3449 751
1013 3388 1044 3470 γ2
1068 3388 1174 3468 (ldeler
1196 3389 1326 3451 chronol.
1345 3390 1372 3463 1,
1388 3388 1474 3469 385).
1519 3389 1614 3451 Etiam

260 3493 405 3556 Eusebius
419 3493 450 3555 in
466 3492 611 3555 chronicis
626 3512 654 3573 p.
664 3493 724 3553 144
737 3493 805 3554 Sch.
818 3492 853 3554 ad
868 3513 895 3554 a.
905 3492 974 3553 hbr.
987 3491 1069 3553 2015
1082 3492 1127 3553 vel
1139 3492 1222 3554 2016
1234 3492 1313 3572 quod
1328 3492 1481 3554 adscribit:
1499 3489 1619 3576 ταύτης

260 3597 317 3677 τῆς
338 3595 421 3658 κατὰ
443 3596 501 3678 τὴν
523 3594 688 3659 ’ίουδαίαν
711 3591 909 3678 ἀπογραφῆς
935 3590 1001 3659 dard
1030 3595 1086 3678 τῆς
1109 3590 1291 3675 συγκλήτου
1314 3592 1433 3676 βουλῆς
1460 3597 1619 3677 Κυρίνιος

261 3696 460 3782 ἐπιμελητὴς
482 3697 678 3783 ἐξεπέμφθη
701 3721 783 3760 κατα
804 3696 880 3761 τόδε
895 3697 932 3762 τὸ
948 3697 1106 3780 κοσμικόν
1121 3696 1192 3769 ἔτος
1212 3692 1334 3760 οὐσιῶν
1356 3697 1410 3759 καὶ
1435 3691 1620 3780 οἰκητόρων

261 3797 452 3886 ἀναγραφὰς
482 3799 700 3886 ποιούμενος,
734 3821 801 3864 cum
834 3803 941 3865 habeat
973 3801 1080 3882 aliquid
1108 3800 1290 3863 auctoritatis
1319 3808 1419 3881 utpote
1449 3803 1619 3881 proiectum

238 3907 297 3969 ·ab
318 3905 433 3988 egregio
454 3906 677 3987 chronographo
698 3906 772 3968 lulio
786 3905 932 3979 Africano,
956 3904 1117 3967 secundum
1141 3923 1174 3966 ea
1196 3923 1270 3984 quae
1293 3923 1380 3985 supra
1403 3923 1431 3985 p.
1450 3904 1490 3963 14
1512 3903 1620 3965 obser-

260 4010 406 4084 vavimus,
439 4011 474 4072 ad
508 4010 632 4072 eundem
667 4013 727 4072 lere
760 4027 871 4071 annum
905 4009 1000 4083 ducit,
1033 4026 1140 4088 nempe
1168 4028 1196 4070 u.
1212 4027 1237 4068 c.
1255 4006 1314 4068 753
1338 4009 1383 4070 uel
1405 4009 1477 4068 754.
1522 4006 1620 4068 Lucas

260 4131 332 4176 num
355 4113 394 4175 ita
416 4121 446 4175 et
467 4114 530 4193 ipse
552 4113 729 4193 computarit
750 4121 779 4173 et
801 4112 857 4174 hoc
878 4111 997 4191 quidem
1020 4111 1083 4172 loco
1106 4111 1141 4172 de
1164 4111 1298 4180 Quirinio
1320 4111 1462 4190 cogitarit,
1487 4110 1619 4172 dubitari

259 4225 366 4298 potest,
387 4234 456 4277 nam
480 4217 516 4277 de
538 4224 631 4278 aetate
652 4235 713 4277 non
735 4224 868 4277 accurate
891 4233 922 4275 se
944 4214 1058 4276 tradere
1084 4214 1148 4295 ipse
1175 4214 1284 4276 indicat
1306 4210 1397 4294 (ῶσεὶ
1420 4211 1501 4276 ἐτῶν
1523 4211 1620 4296 τριά-

260 4326 382 4398 κοντα),
406 4337 591 4398 υεηυεμυιυ
607 4319 661 4380 sibi
676 4328 809 4381 constare
832 4318 862 4379 in
878 4325 1044 4399 temporum
1061 4317 1175 4379 ratione
1190 4319 1278 4379 modo
1294 4318 1435 4393 vidimus;
1457 4316 1620 4378 verisimile

261 4432 359 4485 tamen
389 4432 434 4487 est
462 4423 492 4484 id
521 4423 619 4502 ipsum
653 4440 721 4483 eum
755 4421 909 4483 enuntiare
942 4421 1077 4495 voluisse,
1111 4420 1189 4500 quod
1223 4421 1335 4502 antiqui
1367 4420 1544 4501 interpretes
1579 4439 1618 4481 ex

259 4525 427 4588 narratione
448 4524 511 4587 eius
534 4525 701 4586 effecerunt.
744 4524 787 4587 lta
810 4532 919 4598 autem,
950 4523 974 4586 si
1003 4543 1091 4605 supra
1119 4531 1198 4586 recte
1225 4523 1492 4587 demonstravimus
1512 4521 1620 4596 Quiri-

259 4630 343 4691 nium
365 4648 418 4710 per
440 4648 465 4690 a.
482 4629 553 4689 751.
571 4627 633 4688 752
655 4628 784 4708 primurn
808 4627 969 4709 praefuisse
992 4627 1101 4708 Syriae,
1124 4627 1228 4703 Lucas,
1251 4647 1319 4691 oum
1335 4627 1486 4690 Christum
1508 4633 1618 4688 natum

259 4733 363 4795 statuit
383 4751 408 4794 c.
424 4751 450 4793 a.
467 4731 528 4792 752
550 4730 685 4804 Quirinio
709 4731 821 4812 Syriam
844 4729 1078 4804 administrante,
1109 4749 1168 4792 nun
1191 4731 1291 4812 posuit
1312 4731 1370 4792 nisi
1391 4728 1547 4812 probabilia
1573 4739 1617 4806 et,
