3525 5417
269 308 330 373 138
872 307 920 375 vr,
942 311 1009 364 1-s

266 486 343 561 729;
364 488 504 568 profectio
534 489 614 550 enim
636 488 735 551 Parthi
761 488 793 550 15
815 488 983 570 Hispaniam
1011 508 1078 551 cunr
1103 488 1149 550 vix
1174 489 1251 550 inter
1272 497 1439 550 commenta
1461 498 1612 552 auctorum

265 590 390 670 ablegari
412 599 508 671 queat,
531 591 650 673 proclivi
672 611 773 655 errore
795 593 847 655 Bio
869 593 907 654 ad
928 592 1067 656 Tiridatis
1088 591 1119 653 in
1136 592 1218 672 Syria
1241 610 1353 664 moram
1377 593 1461 674 pueri
1484 593 1614 656 15501115-

264 713 331 757 nem
348 695 501 758 adnectere
515 695 619 777 potuit.
656 696 786 777 Denique
801 716 875 776 5555
891 706 992 777 555155
1007 699 1081 758 lacta
1096 703 1175 768 5551,
1198 695 1344 757 lustinum
1360 705 1438 757 recte
1453 697 1616 760 narravisse

265 797 434 860 ostendunt
478 798 551 860 Nam
574 819 599 860 5.
616 799 675 861 731
699 800 839 862 Phraates
865 801 900 862 ad
921 801 1072 863 Caesarem
1095 799 1204 878 lega'tos
1227 798 1315 872 misit,
1337 808 1371 860 ut
1393 819 1511 862 serrum
1527 821 1614 863 suurn

264 900 411 962 Tiridaten
440 901 593 982 liliumque
620 903 676 966 sibi
697 904 878 978 restitueret,
902 902 1046 965 Tiridates
1068 910 1165 964 autem
1188 901 1251 983 ipse
1273 901 1398 964 Romam
1422 904 1502 967 venit
1529 924 1615 968 orans

263 1013 298 1067 51
318 1023 441 1084 regnum
460 1006 635 1069 Parthorum
660 1007 715 1068 sub
738 1007 889 1070 maiestate
910 1006 1011 1088 populi
1032 1005 1156 1068 Romani
1173 1005 1227 1066 sibi
1242 1005 1478 1086 permitteretur3
1501 1007 1617 1090 discep-
1653 1055 1655 1062 .

263 1117 380 1189 lataque
402 1128 435 1171 ea
457 1128 490 1171 55
511 1111 542 1172 15
563 1119 667 1172 555515
683 1111 788 1173 Caesar
809 1110 902 1172 hlium
926 1110 1044 1172 Phraali
1066 1109 1180 1172 remisit
1201 1129 1234 1171 55
1255 1109 1326 1188 lege,
1350 1119 1384 1173 ut
1405 1110 1485 1191 signa
1508 1113 1617 1174 amissa

263 1212 318 1275 sibi
340 1213 518 1288 restitueret
541 1214 697 1276 Tiridatem
721 1214 843 1276 retinuit
865 1214 930 1287 (Dio
946 1213 995 1288 53,
1019 1212 1074 1289 333
1102 1213 1207 1274 lustin.
1222 1213 1240 1273 1.
1258 1213 1306 1292 5.).
1343 1213 1416 1282 Eam
1439 1213 1616 1278 Parthorum

262 1316 437 1396 legationem
460 1335 518 1380 non
543 1318 635 1380 multo
657 1326 725 1399 post
746 1317 830 1399 pueri
851 1317 1056 1379 abductionem
1079 1316 1200 1378 missam
1222 1336 1287 1378 esse
1309 1326 1538 1380 consentaneum
1560 1331 1616 1382 est.

262 1420 372 1482 Deinde
394 1430 493 1484 555515
515 1431 562 1483 551
582 1441 607 1483 5.
624 1421 686 1483 734
708 1421 831 1500 Augusti
853 1421 998 1503 expeditio
1014 1420 1130 1501 Syriaca
1149 1425 1250 1502 (55555
1265 1440 1293 1502 5.
1313 1421 1384 1496 112)
1403 1413 1617 1503 signorumque

262 1523 409 1586 restitutio
438 1544 454 1586 a
477 1525 594 1587 Parthis
621 1528 696 1587 lacta
726 1528 825 1606 (supra
848 1523 986 1606 5124),
1017 1524 1176 1586 liherorum
1198 1523 1276 1603 regis
1297 1524 1475 1586 Parthorum
1499 1526 1617 1588 traditio

261 1648 329 1690 55.
346 1630 407 1689 745
430 1629 515 1702 (15155
538 1648 566 1710 p.
585 1631 667 1706 141),
690 1630 851 1691 eorundem
867 1627 1016 1690 restitutio
1035 1629 1173 1706 denegata
1190 1627 1343 1689 Phraataci·
1355 1647 1380 1688 c.
1397 1649 1422 1690 a.
1440 1629 1501 1689 750
1518 1629 1616 1708 (15),

261 1731 398 1794 Armenia
431 1752 447 1794 a
473 1733 589 1795 Parthis
616 1733 832 1813 quodammodo
859 1740 998 1812 occupata
1027 1738 1056 1792 et
1081 1729 1226 1812 expeditio
1253 1739 1405 1812 propterea
1435 1742 1569 1813 suscepta
1600 1753 1618 1794 a

262 1835 293 1896 C.
309 1836 430 1897 Caesare
451 1856 476 1897 a.
493 1835 554 1897 753
577 1836 678 1916 (supra
701 1835 816 1916 5113,
839 1834 914 1896 inlra
937 1855 966 1916 p.
984 1833 1067 1915 143),
1090 1834 1226 1895 Vonones
1248 1853 1300 1896 rex
1322 1834 1499 1897 Parthorum
1522 1836 1617 1899 Boma

261 1940 417 2001 arcessitus
440 1959 465 2001 o.
488 1959 513 2002 5.
531 1941 592 2002 759
616 1940 703 2018 (15155
725 1938 855 2020 5143).

360 2043 401 2105 Be
422 2062 490 2124 rege
511 2044 663 2106 Medorum
686 2042 843 2104 1151555505
865 2060 954 2124 55555
976 2040 1020 2122 egi
1044 2061 1073 2121 p.
1091 2041 1161 2102 110.

361 2148 570 2212 Adiabenorum
596 2148 752 2210 driaaares
773 2131 854 2208 nuno
876 2146 996 2207 demum
1018 2130 1117 2226 prodit
1137 2145 1257 2225 expletis
1277 2145 1402 2207 Graecis.
1438 2143 1616 2208 4105555555

264 2272 316 2332 ego
339 2252 535 2327 conieceram3
557 2252 699 2331 Berglrius
721 2251 851 2332 primurn
875 2269 977 2312 verum
1001 2249 1120 2323 invenit,
1144 2247 1249 2310 deinde
1264 2267 1299 2310 eo
1315 2249 1422 2310 reiecto
1437 2249 1617 2312 Moschorum

260 2356 347 2419 dedit.
385 2356 524 2418 Adiabeni
545 2375 580 2418 eo
604 2366 734 2437 tempore
762 2374 832 2417 suos
854 2373 937 2434 reges
960 2354 1128 2415 hahuerunt
1150 2352 1339 2432 (Plutarchus
1355 2351 1467 2415 Lucull.
1484 2352 1534 2415 20.
1558 2353 1616 2426 27;

261 2461 366 2522 Strabo
391 2461 439 2534 16,
465 2463 491 2535 1,
517 2461 555 2522 19
577 2481 605 2540 p.
622 2461 699 2534 745;
727 2457 869 2538 losephus
897 2466 956 2519 ant.
979 2457 1029 2532 20,
1061 2458 1088 2531 1,
1112 2455 1148 2530 2;
1175 2455 1292 2518 Tacitus
1318 2474 1385 2518 ann.
1405 2455 1452 2530 12,
1478 2456 1515 2518 13
1532 2461 1617 2532 551.);

260 2575 391 2626 ceterum
413 2583 461 2626 res
482 2573 513 2625 51
534 2565 623 2624 homo
645 2562 826 2642 ignorantur.
1519 2629 1524 2638 Ι

361 2668 564 2730 Britannorum
589 2686 648 2728 non
665 2675 724 2728 tres
743 2685 826 2746 reges
841 2664 1033 2754 nominantur
1047 2663 1173 2738 Dumno,
1190 2663 1354 2736 1151155555,
1370 2660 1436 2723 Tim
1449 2708 1616 2734 .........

260 2772 311 2833 sed
345 2772 403 2833 duo
433 2770 703 2832 Dumnobellaunus
732 2778 762 2830 et
788 2769 853 2829 Tim
868 2814 1033 2829 ........
1077 2768 1150 2830 Nam
1179 2775 1245 2847 post
1273 2784 1405 2827 55555
1434 2784 1615 2846 quamquam

259 2875 399 2935 Perrotus
421 2883 563 2954 puuctum
581 2874 688 2954 posuit,
711 2892 778 2934 vere
793 2891 853 2933 non
876 2871 1107 2952 interpungitur;
1132 2879 1281 2952 praeterea
1304 2869 1329 2931 si
1356 2879 1415 2932 tres
1438 2868 1493 2932 viri
1515 2870 1616 2931 nouri-

259 2986 408 3051 uarentur‚
431 2978 533 3058 copula
554 2979 719 3040 necessario
741 2985 809 3056 post
829 2975 943 3037 Damno
966 2975 1119 3037 inserenda
1141 2983 1228 3048 esset,
1255 2993 1343 3052 quarn
1365 2991 1460 3052 55555
1476 2973 1614 3034 Latinum

259 3081 426 3160 exemplum
448 3080 552 3160 recipit
573 3099 668 3160 55555
691 3081 842 3142 Graecum.
867 3114 908 3122 —
930 3079 1047 3140 Paravit
1067 3079 1217 3158 Augustus
1235 3077 1429 3139 Britannicam
1452 3076 1617 3157 expeditio-

259 3203 326 3245 nem
358 3183 402 3244 vel
428 3192 507 3245 certe
536 3184 707 3245 credebatur
736 3181 1027 3264 5555555.720,15
1051 3181 1171 3243 Galliam
1195 3181 1615 3260 515555155555555155155,

260 3287 310 3348 sed
339 3306 407 3350 mox
433 3306 568 3348 resersus
598 3296 718 3367 propter
744 3287 855 3348 bellum
882 3286 1073 3349 Dalmaticum
1098 3284 1229 3366 (111549,
1253 3285 1315 3364 38).
1360 3283 1475 3346 Rursus
1503 3285 1618 3364 pararit

259 3412 312 3472 per
340 3413 365 3452 a.
387 3392 448 3453 727
479 3401 509 3454 51
537 3391 612 3465 728,
643 3391 693 3453 550
723 3400 786 3453 tum
815 3409 933 3471 quoque
963 3388 1053 3451 Gallia
1082 3409 1139 3451 non
1169 3391 1295 3452 excessit
1320 3387 1453 3469 (111553,
1476 3387 1527 3448 22.
1549 3387 1616 3467 25).

259 3497 360 3576 115555
386 3496 515 3558 carmina
546 3515 599 3576 555
624 3497 678 3557 hos
705 3513 796 3556 annos
823 3494 931 3575 scripta
958 3493 1042 3574 51555
1069 3501 1139 3554 5551
1167 3492 1307 3573 15155551
1329 3493 1421 3554 futuri
1445 3491 1616 3553 britannici.

261 3599 309 3661 Sic
331 3600 360 3660 in
384 3599 524 3679 georgicis
546 3599 687 3661 absolutis
709 3618 734 3660 a.
756 3598 819 3659 724
843 3597 985 3677 Vergilius
1007 3596 1121 3659 Caesari
1143 3597 1220 3658 inter
1242 3595 1297 3658 alia
1319 3605 1401 3677 optat
1423 3596 1465 3674 (1,
1482 3595 1552 3676 30),
1582 3604 1618 3656 51

259 3702 286 3762 51
311 3707 419 3764 serviat
444 3702 548 3765 5111515
571 3701 657 3764 Thale
684 3702 765 3775 513,
789 3702 829 3762 25
852 3701 884 3763 15
907 3719 1010 3762 scaena
1031 3700 1061 3761 in
1085 3701 1226 3761 honorem
1251 3699 1314 3761 eius
1337 3698 1464 3780 paranda
1487 3707 1521 3760 51
1538 3718 1616 3779 pnr-

255 3823 347 3886 pnrea
368 3809 472 3867 iniecti
491 3805 593 3867 tollant
615 3806 877 3878 aeneasannos,
901 3803 1037 3866 Horatius
1060 3803 1161 3866 eodem
1186 3811 1318 3884 ternpore
1341 3803 1385 3864 rel
1411 3802 1508 3884 paullo
1530 3811 1616 3864 antea

259 3910 288 3970 in
318 3909 433 3990 spodon
456 3910 490 3982 7,
519 3911 623 3970 75515
651 3911 735 3982 15511,
764 3914 886 3972 manos
907 3909 1067 3970 Britannus
1093 3917 1124 3968 at
1154 3906 1330 3970 descenderet
1356 3925 1442 3970 sacra
1470 3916 1618 3968 catenatus

258 4019 321 4085 oia,
348 4027 467 4075 carmus
495 4021 593 4075 autern
625 4014 656 4084 l,
686 4013 726 4075 35
760 4014 798 4075 ob
830 4013 924 4096 ipsam
959 4013 1036 4074 illam
1071 4011 1285 4090 expeditionem
1320 4031 1347 4072 a.
1370 4007 1465 4079 72718
1500 4008 1617 4072 videtur

258 4116 461 4197 composuisse
496 4115 538 4177 sic
571 4116 611 4178 ihi
633 4117 793 4179 Fortunam
821 4117 1027 4198 interpellans:
1055 4134 1148 4177 555555
1167 4119 1285 4177 'itonam
1313 4114 1463 4177 Gaesarem
1488 4119 1520 4175 in
1544 4113 1618 4176 nlti-

258 4240 319 4283 mos
350 4221 427 4283 orbis
460 4220 624 4293 Britannos,
654 4221 845 4300 eiusdemque
878 4220 1020 4301 temporis
1053 4219 1083 4280 15
1111 4219 1240 4282 carmine
1268 4218 1323 4280 alio
1350 4217 1421 4290 3,5
1456 4219 1526 4279 item
1559 4216 1618 4278 ait:

255 4343 390 4407 praesens
418 4324 499 4385 01555
525 4323 674 4384 habebitur
696 4324 836 4402 Arignotus
866 4325 980 4384 adiectis
1002 4323 1150 4385 Britannis
1171 4325 1288 4402 imperto
1308 4321 1495 4403 gravibusque
1523 4319 1619 4382 Persis

260 4431 420 4501 (515555.
447 4426 541 4501 1,21,
559 4427 608 4486 15.
642 4427 671 4499 3,
689 4427 716 4498 4,
733 4424 782 4485 33.
816 4427 846 4498 4,
864 4426 912 4498 14,
930 4425 991 4503 48).
1036 4427 1108 4487 Post
1130 4425 1159 4488 id
1184 4435 1300 4506 tempus
1322 4425 1472 4503 Augustus
1495 4442 1616 4485 ornnem

259 4531 441 4593 Britannicae
463 4528 658 4609 expeditionis
680 4528 886 4606 cogitationem
909 4529 1048 4591 abiecisse
1070 4528 1199 4603 videtur,
1223 4529 1275 4590 sed
1296 4527 1443 4609 principes
1470 4529 1616 4608 quosdam

258 4655 293 4695 ex
323 4634 419 4696 155515
449 4642 554 4714 555515
581 4651 650 4694 eum
680 4632 786 4693 adiisse
816 4633 921 4693 Strabo
951 4633 1094 4712 significat
1125 4633 1257 4694 scrihens
1279 4631 1378 4713 paucis
1406 4641 1473 4711 post
1501 4631 1616 4694 obitum

259 4739 321 4798 eius
345 4737 430 4800 annis
451 4740 480 4810 4,
501 4739 530 4811 5,
553 4737 573 4798 3
594 4757 622 4817 5.
638 4736 715 4798 2005
750 4734 821 4798 νυνὶ
855 4739 967 4816 μέντοι
994 4735 1058 4798 τῶν
1087 4734 1257 4798 δυναστῶν
1284 4754 1369 4806 τινες
1396 4735 1460 4796 τῶν
1491 4729 1616 4797 arisoth
