3525 5417
770 354 879 422 515
1458 361 1499 424 35

143 535 275 615 legitime
297 545 327 597 et
349 545 503 617 propterea
524 553 589 596 eam
612 533 804 596 adlectionem
826 536 993 615 Augustum
1016 534 1046 595 in
1069 535 1164 598 indice
1187 537 1419 617 praetermisisse
1441 557 1500 599 non

143 640 290 719 probabit,
312 641 363 720 qui
385 639 586 720 gravissimam
601 657 701 700 rerum
717 639 971 721 interpolationem
987 641 1064 722 apud
1080 639 1202 704 Dionem
1218 649 1296 703 recte
1311 641 1500 730 perspexerit.

183 923 324 998 nur.2,1
349 941 364 984 r
391 923 541 1005 Sensitum
566 930 611 983 ter
632 922 699 1000 legi.

231 1047 276 1088 55.
293 1029 322 1100 4,
340 1045 365 1087 ro
390 1024 472 1109 [Τὴν
493 1021 682 1108 σιῆνκλητον
703 1022 775 1108 τρὶς
797 1023 915 1098 eneis}
940 1072 947 1088 .
970 1031 988 1101 §

142 1157 296 1236 Augustus
329 1176 397 1219 cum
431 1156 539 1218 scribat
571 1166 707 1218 senatum
741 1176 772 1217 se
802 1158 906 1235 legisse
936 1165 981 1217 ter
1006 1155 1091 1215 annis
1117 1174 1176 1216 non
1206 1155 1373 1236 adscriptis,
1401 1176 1500 1218 rerum

142 1261 305 1340 scriptores
335 1261 371 1320 de
398 1268 517 1321 senatus
543 1259 719 1321 lectionibus
746 1259 782 1320 ab
804 1260 937 1339 Augusto
965 1258 1108 1320 institutis
1136 1259 1207 1320 baec
1233 1259 1349 1321 habent.
1396 1261 1503 1322 Sueto-

141 1362 216 1423 nius
248 1363 321 1440 453.
348 1362 406 1422 35;
444 1372 609 1424 curatorum
642 1364 811 1444 efflueretem
842 1382 997 1425 numerum
1031 1363 1155 1442 deformi
1184 1373 1209 1424 et
1241 1365 1387 1426 incondito
1418 1367 1503 1426 turbu

142 1466 243 1547 (erem
270 1471 347 1528 euim
373 1485 461 1545 sarper
486 1465 564 1527 miile
590 1476 616 1527 et
643 1466 760 1547 quidum
794 1467 985 1548 iudipnissiuri
1015 1475 1041 1526 et
1071 1477 1135 1546 post
1167 1485 1261 1528 55555
1289 1466 1419 1530 Caesaris
1451 1486 1504 1548 per

139 1575 269 1651 pretium
290 1579 317 1630 et
337 1573 497 1649 proemium
517 1568 627 1642 adlecti,
649 1586 718 1649 quos
739 1573 848 1631 morbos
873 1571 976 1649 culpus
997 1567 1128 1650 uocabat)
1151 1569 1189 1631 od
1215 1571 1332 1633 modum
1349 1575 1503 1652 5556555

142 1685 175 1735 et
195 1674 372 1753 splendorem
392 1673 499 1753 redepit
521 1674 630 1735 duobus
650 1673 821 1745 lectionibus,
840 1679 938 1752 primo
956 1677 1085 1752 ipsorrnn
1105 1673 1256 1744 arbitratu,
1279 1691 1333 1754 quo
1348 1678 1394 1736 uir
1408 1679 1504 1736 virum

144 1778 223 1856 tepet,
246 1778 372 1838 secundo
393 1794 444 1836 suo
467 1787 492 1837 et
509 1777 655 1856 Agrippae,
678 1794 733 1857 quo
755 1787 877 1855 ternpore
899 1780 1081 1838 emistimutrrr
1103 1777 1194 1838 lorino
1215 1777 1267 1838 sub
1290 1787 1363 1838 ueste
1377 1781 1504 1839 munitus

142 1882 282 1960 ferroque
303 1883 409 1940 uberae
427 1881 611 1958 praesedisse,
633 1881 727 1942 decem
749 1880 948 1941 remotissimis
975 1881 1114 1941 senatorii
1140 1879 1250 1940 ordinis
1279 1883 1375 1941 omr'eis
1403 1879 1503 1941 sellom

143 2002 231 2044 sctum
257 1984 511 2044 circumstantibus.
571 1982 682 2045 Cordus
715 1982 876 2044 Cremutius
904 1983 1001 2045 scribit
1036 2001 1071 2042 ue
1105 1981 1262 2044 admissum
1293 1983 1405 2062 quidem
1436 1993 1505 2044 rum

144 2106 318 2167 quemquem
339 2096 505 2147 senatorum
526 2089 585 2146 nisi
604 2086 697 2146 solum
711 2096 736 2146 et
749 2096 956 2166 praetemptato
970 2090 1045 2147 sr'nu.
1075 2084 1186 2145 Ibidem
1202 2104 1227 2145 e.
1241 2084 1295 2145 37:
1318 2105 1393 2146 novo
1407 2086 1504 2166 officio

144 2193 316 2269 eucopitovit
416 2193 632 2250 triuuroirotom
659 2190 771 2269 legendi
793 2201 908 2251 emotus
935 2199 962 2250 et
987 2189 1112 2250 alterurn
1145 2189 1361 2268 recopnoseendi
1391 2199 1502 2250 turmas

146 2297 284 2372 cerritum,
308 2298 487 2373 quotiensque
508 2310 578 2372 opus
600 2304 676 2354 esset.
721 2291 845 2353 Uberior
869 2293 954 2371 longe
982 2292 1111 2353 narratio
1141 2300 1186 2353 est
1214 2290 1324 2352 [lionis.
1368 2289 1502 2352 Primum

145 2394 215 2474 (52,
231 2395 270 2455 42
293 2395 443 2470 51.53,1)
467 2414 621 2457 censuram
644 2417 669 2456 a.
687 2395 748 2456 725
770 2405 800 2456 et
822 2394 884 2456 726
907 2414 1046 2457 enarrans
1069 2399 1215 2456 refertor
1237 2393 1430 2468 senatoribus
1453 2394 1504 2474 qui

146 2517 239 2577 super
267 2498 346 2559 mille
377 2506 440 2558 tum
473 2510 573 2561 essent
600 2499 728 2578 indignis
755 2499 857 2559 multis
885 2518 937 2578 per
965 2499 1037 2561 bella
1066 2499 1158 2561 civilia
1180 2499 1358 2580 adsumptis,
1390 2507 1505 2578 praeter

148 2621 187 2660 ux
209 2602 258 2680 qui
281 2611 386 2680 sponte
401 2602 568 2674 cessissent,
592 2603 715 2664 aliorum
732 2621 795 2675 oxu,
818 2603 869 2681 qui
885 2604 976 2664 coacti
992 2603 1069 2664 idem
1085 2603 1232 2676 iecissent,
1254 2602 1374 2664 nomina
1390 2601 1503 2681 publice

148 2704 298 2783 proposita
326 2725 399 2765 esse.
452 2705 562 2767 Deinde
589 2707 624 2767 ad
654 2726 680 2766 a.
701 2705 762 2766 736
790 2707 853 2782 (54,
879 2704 927 2766 13.
953 2707 1006 2785 14)
1033 2717 1168 2769 senatum
1200 2709 1327 2786 primum
1364 2705 1505 2766 electione

147 2809 274 2886 quadam
301 2817 331 2869 et
358 2793 525 2882 sortitione,
552 2810 658 2870 deinde
688 2829 757 2870 cum
784 2827 834 2869 eae
862 2826 966 2888 parum
996 2810 1203 2890 procederent,
1233 2809 1299 2890 ipso
1327 2810 1440 2887 legente
1469 2809 1504 2869 ad

148 2920 351 2997 sescentorum
389 2931 547 2974 nnmerum
585 2915 737 2974 redactum
774 2911 879 2990 essel).
938 2912 1071 2973 Tertium
1111 2919 1244 2974 senatum
1291 2911 1398 2974 lectum
1441 2931 1505 2972 esse

147 3035 174 3074 a.
191 3014 252 3074 743
268 3015 331 3092 (54,
348 3015 411 3092 35),
438 3025 576 3095 quartum
604 3036 629 3076 5.
652 3017 713 3076 757
742 3035 794 3096 per
821 3015 976 3076 tresviros:
1010 3013 1179 3090 διαλέξαι,
1208 3014 1261 3076 llio
1289 3015 1330 3076 ait
1357 3015 1504 3094 (5513),

147 3116 208 3199 τήν
231 3121 409 3200 γερουσίαν
436 3113 538 3191 αὖθις
565 3112 728 3201 ἠθέλησε·
751 3117 808 3180 καὶ
833 3118 914 3181 δέκα
943 3117 1121 3202 βουλευτὰς
1153 3114 1210 3193 οὓς
1235 3116 1381 3202 μάλιστα
1410 3117 1507 3198 ἐτίμα

148 3219 399 3302 προβαλόμενος
420 3232 507 3302 τρεῖς
529 3218 587 3284 ἀπ’
609 3217 718 3285 αὐτῶν
740 3220 911 3296 ἐξεταστὰς
933 3220 1120 3299 ἀπέδειξεν,
1144 3218 1201 3295 οὓς
1220 3218 1238 3286 ὁ
1259 3219 1376 3305 κλῆρος
1392 3219 1506 3283 εἵλετο.

147 3324 190 3384 lta
213 3324 266 3385 Dio
294 3344 412 3404 quoque
441 3326 536 3387 tenuit
558 3335 677 3387 senatus
699 3327 854 3388 lectionem
877 3328 939 3406 lege
961 3328 1077 3409 publicu
1099 3336 1211 3407 partem
1235 3326 1326 3388 luisse
1348 3343 1505 3399 censurae3

148 3445 217 3488 nam
249 3437 309 3488 tres
338 3447 444 3488 census
474 3449 548 3508 quos
577 3429 680 3490 statuit
705 3429 754 3508 (de
787 3430 896 3508 quibus
923 3431 1033 3493 dictum
1062 3439 1108 3492 est
1134 3451 1162 3510 p.
1179 3430 1232 3506 36)
1261 3447 1405 3491 annorum
1434 3427 1505 3489 726.

149 3530 220 3591 735.
245 3531 305 3592 743
335 3541 434 3610 aperte
460 3532 610 3594 coniuncti
639 3541 710 3594 sunt
742 3551 809 3594 cum
840 3534 1014 3596 lectionibus
1042 3543 1162 3596 senatus
1192 3553 1218 3594 5.
1234 3532 1306 3594 726.
1331 3533 1401 3594 736.
1426 3532 1505 3607 743)

148 3635 184 3696 ad
212 3645 347 3714 quartam
378 3653 447 3695 vero
476 3655 544 3696 cum
573 3637 694 3697 adnotet
722 3646 784 3698 tum
814 3656 936 3698 censum
968 3637 1081 3700 nullum
1111 3646 1209 3699 actum
1240 3656 1320 3711 esse,
1350 3655 1414 3697 eam
1445 3655 1506 3697 non

152 3739 277 3800 obscure
300 3739 444 3818 significat
464 3740 723 3802 extraordinariam
752 3740 852 3802 fuisse.
897 3740 939 3801 dd
968 3741 1061 3820 ipsam
1091 3760 1154 3801 rem
1182 3741 1260 3819 qnod
1290 3740 1403 3814 attinet,
1432 3758 1507 3819 quae

149 3843 185 3903 de
207 3841 332 3902 lectione
354 3862 379 3902 a.
395 3841 490 3911 72516
514 3850 639 3922 uterque
661 3853 764 3906 auctor
786 3843 874 3906 babet
896 3844 975 3924 (nam
1001 3844 1135 3906 Suetonii
1157 3863 1181 3904 5.
1198 3843 1238 3904 35
1264 3844 1299 3906 ad
1327 3844 1403 3905 hanc
1430 3845 1507 3904 rele-

149 3945 274 4007 reudum
303 3965 369 4006 esse
395 3954 474 4024 patet
503 3945 606 4007 collato
634 3946 748 4024 Dione),
776 3948 867 4028 proba
895 3956 924 4008 et
952 3949 1009 4008 fida
1036 3947 1174 4008 videntur
1203 3965 1284 4022 esse;
1315 3967 1331 4008 e
1359 3946 1506 4008 contrario

149 4048 234 4109 lectio
256 4069 282 4109 5.
299 4047 360 4109 743
384 4049 473 4109 verbo
497 4058 610 4110 tantum
633 4069 649 4111 a
672 4050 764 4112 Dione
786 4061 1016 4113 commemorata
1043 4049 1143 4111 ficticii
1173 4069 1279 4112 census
1308 4069 1375 4131 pars
1405 4058 1450 4111 est
1477 4058 1507 4110 et

148 4171 216 4213 cum
239 4171 274 4212 eo
296 4151 432 4213 concidit.
476 4152 515 4212 dt
536 4172 611 4231 quae
632 4154 667 4214 ad
690 4174 716 4214 a.
733 4155 794 4214 736
815 4164 846 4214 et
868 4156 929 4214 757
952 4175 969 4215 5
991 4154 1082 4216 Dione
1099 4163 1264 4228 narrantur,
1287 4163 1346 4214 eta
1364 4151 1506 4214 Suetonio

148 4256 333 4335 aliquatenus
355 4255 570 4316 confirmantur
592 4255 673 4335 (555
699 4256 900 4318 triumviratus
923 4267 1043 4320 senatus
1066 4257 1180 4337 legendi
1203 4257 1322 4338 respicit
1336 4256 1400 4319 sine
1416 4256 1505 4318 dubio

147 4360 185 4420 ad
206 4358 405 4420 narrationem
435 4361 607 4438 secundam)
636 4369 666 4421 et
693 4361 756 4440 ipsa
789 4361 829 4421 ita
863 4371 1030 4442 comparata
1066 4371 1144 4436 sunt,
1178 4371 1212 4423 ut
1243 4381 1298 4442 pro
1331 4360 1506 4422 commentis

249 4617 270 4682 ¹)
288 4617 359 4682 Quod
383 4616 474 4666 deinde
490 4633 513 4667 a.
526 4617 573 4667 741
594 4618 724 4682 Augustus
743 4635 829 4669 eoram
848 4621 916 4684 egit,
940 4620 1117 4670 adulescentes
1142 4620 1216 4669 robus
1234 4621 1288 4686 apti
1306 4628 1332 4671 et
1350 4620 1506 4670 senatorium

147 4705 249 4755 clarum
266 4702 390 4754 hebentes
414 4703 440 4753 in
465 4704 559 4754 curiam
583 4706 697 4756 adscribi
721 4722 751 4756 ue
775 4713 926 4755 recusarent
947 4707 1000 4770 (54,
1019 4706 1071 4768 26),
1095 4719 1140 4770 pro
1164 4719 1271 4756 recensu
1295 4712 1398 4756 senatus
1422 4705 1505 4771 accipi

148 4808 198 4842 non
218 4791 300 4842 debet
1033 4801 1035 4806 ’

1310 4833 1357 4930 3⁸³⁶
