3525 5417
733 304 783 373 55,
803 307 908 362 55-55
1455 308 1497 371 87

146 487 335 570 temptamina
362 495 463 549 nostra
488 485 586 568 priora
612 494 642 548 et
663 482 823 565 Berghiana
849 504 955 567 parum
981 484 1083 548 felicia.
1106 521 1147 532 —-
1169 485 1204 546 ln
1230 485 1287 545 655
1309 483 1373 546 5155
1394 502 1497 547 555555

144 611 211 654 cum
234 591 332 655 hiatus
352 589 448 672 capiat
467 589 581 652 litteras
602 609 628 652 5.
643 608 688 663 xv,
710 593 743 650 ia
763 606 798 650 ec
818 587 1005 651 abiciendum
1021 587 1085 652 tuit.
1108 623 1150 632 —
1172 587 1243 650 Post
1253 582 1389 670 Ῥώμης,
1413 586 1497 649 cuius

142 695 175 756 in
196 713 344 757 marmore
362 701 563 775 agnoscuntur
577 692 726 773 reliquiae,
741 711 814 754 cum⁴
826 700 894 754 octo
909 700 1024 754 tantum
1038 690 1152 754 litterae
1167 691 1311 764 deficiant,
1334 687 1367 764 ἐς
1382 689 1497 752 admitti

142 817 203 860 non
229 806 336 881 potest.
386 798 435 860 Gr.
457 797 497 859 19
527 797 598 859 item
631 795 814 858 confirmarit
846 796 920 877 lapis
952 795 1031 876 quod
1064 796 1283 858 commendarat
1311 793 1497 856 Burmannus

142 899 376 984 ἔπιδεομένων.
419 901 571 964 Praeterea
593 899 796 982 supplementa
819 918 883 961 mea
905 899 1029 961 lectione
1052 899 1163 981 expleta
1186 898 1357 962 confirmata
1380 905 1459 960 sunt.

241 1004 344 1068 hunus
370 1004 516 1067 indicatur
538 1003 609 1066 727.
653 1003 763 1065 Eodem
785 1004 914 1085 partinet
936 1002 1038 1066 titulus
1060 1021 1145 1066 arcus
1167 1001 1361 1065 ariminensis
1383 1021 1399 1064 a
1421 1002 1496 1065 Bor-

141 1127 251 1171 manno
278 1109 323 1190 (G
338 1110 360 1170 l.
377 1108 409 1170 L.
424 1109 474 1183 xl,
496 1107 558 1170 365
579 1135 623 1163 =
644 1108 762 1171 Henzen
784 1107 882 1188 5366)
912 1108 948 1170 ad
976 1108 1096 1188 vestigia
1125 1107 1247 1189 abipso
1273 1105 1426 1186 diligenter
1447 1106 1496 1168 in-

140 1221 239 1295 specta
260 1213 301 1276 ita
322 1212 395 1276 scite
416 1211 564 1294 expletus:

520 1360 652 1403 ssuarvs
737 1372 747 1392 ·
835 1359 1023 1415 rorvnstus
1057 1363 1180 1401 romam

207 1437 260 1503 unp
354 1465 362 1482 ·
456 1438 557 1486 camari
650 1433 708 1486 diui
797 1436 825 1503 s.
923 1437 1035 1502 magrado
1114 1435 1175 1501 dap.
1372 1438 1428 1503 sept

209 1533 269 1577 cos
313 1545 321 1562 ·
365 1532 433 1576 serr
469 1545 477 1562 ·
514 1531 663 1575 nesrouar
699 1545 706 1560 ·
744 1531 897 1576 ocravom
935 1543 942 1558 ·
979 1522 1027 1572 vta
1070 1519 1194 1586 flammis
1264 1524 1289 1572 et
1306 1519 1428 1586 reliquiis

209 1617 433 1662 cnunseamums
466 1631 475 1647 ·
509 1619 623 1661 trasiae
655 1630 664 1646 ·
697 1619 771 1662 5555
798 1631 807 1648 ·
835 1615 979 1661 consuto
1006 1608 1031 1656 at
1047 1607 1194 1673 simpertus
1214 1609 1269 1658 555
1285 1619 1426 1661 moremus

139 1741 213 1802 item
245 1736 404 1801 Suetonius
432 1738 517 1817 (hug.
534 1736 589 1817 36)
617 1739 779 1818 desummo,
806 1737 917 1819 inquit,
946 1737 1001 1800 sibi
1020 1736 1166 1799 fluminio
1193 1735 1389 1800 mulcimine
1414 1749 1496 1802 tentas

140 1844 295 1905 55555555
320 1842 444 1922 reb'quos
466 1841 685 1922 triumphalibus
706 1845 777 1904 5555
798 1860 813 1903 e
833 1841 997 1904 manubiali
1011 1844 1137 1921 pecunia
1158 1843 1324 1904 55555555
1344 1843 1494 1906 distribuit.

137 1946 191 2008 Dio
206 1965 323 2027 quoque
339 1943 389 2015 53,
405 1944 446 2005 22
461 1953 617 2027 postquam
632 1944 796 2009 observavit
810 1945 936 2026 reliquas
952 1944 1012 2006 vias
1027 1953 1108 2006 extra
1123 1944 1226 2006 urbem
1242 1945 1312 2007 alias
1327 1946 1391 2008 aliis
1407 1967 1495 2010 sena-

140 2049 253 2112 torihus
282 2049 438 2112 attributas
465 2068 529 2111 esse
555 2047 727 2110 reficiendas
753 2049 886 2129 ipsomm
913 2047 1049 2130 pecunia,
1076 2049 1132 2132 τῆς
1158 2046 1196 2111 δὲ
1223 2046 1263 2132 δὴ
1293 2047 1493 2134 Φλαμινίας,

138 2153 247 2236 pergit,
277 2147 393 2226 αὐτός,
421 2148 605 2235 ἐπειδήπερ
634 2147 881 2234 &aecumenicam
910 2151 958 2216 δι’
987 2146 1085 2235 αὐτῆς
1112 2149 1262 2233 ἔμελλεν,
1292 2150 1494 2239 ἐπεμελήθη.

138 2255 195 2319 καὶ
224 2251 246 2338 ἤ
267 2255 328 2338 μὲν
350 2248 452 2330 εὐθὺς
472 2252 546 2318 τότε
567 2250 694 2335 ἐγένετο
717 2253 773 2318 καὶ
795 2254 854 2320 διὰ
874 2255 971 2319 τοῦτο
994 2254 1050 2317 καὶ
1073 2252 1196 2330 εἰκόνες
1218 2251 1306 2342 αὐτῷ
1328 2256 1389 2343 ἐφ’
1412 2255 1495 2344 a‘pt-

138 2358 207 2423 duw
228 2357 265 2422 ἔν
285 2381 320 2420 τε
342 2359 380 2442 τῇ
401 2357 462 2421 τοῦ
480 2355 655 2442 Τιβέριδος
676 2355 804 2444 γεφύρᾳ
819 2357 874 2422 καὶ
890 2357 926 2424 ἐν
941 2355 1099 2444 ’simplem
1116 2355 1340 2444 ἐποιήθησαν.
1372 2362 1497 2445 Propter

137 2465 214 2526 hanc
243 2462 356 2525 5155555
387 2481 488 2526 curam
516 2465 620 2544 opinor
646 2483 699 2544 per
724 2483 750 2525 5.
774 2462 952 2526 tto-728
980 2473 1023 2526 tot
1050 2463 1192 2544 triumphi
1220 2465 1277 2527 acti
1304 2477 1388 2541 sunt,
1422 2479 1496 2549 quot

138 2577 288 2649 praeterea
315 2566 396 2628 nullo
422 2575 555 2648 tempore
577 2567 777 2650 inveniuntur.
821 2567 887 2648 lpse
909 2567 1060 2648 Augustus
1082 2566 1255 2630 Flaminiam
1277 2570 1333 2632 sihi
1356 2571 1494 2634 munien-

138 2673 206 2734 dam
235 2669 399 2752 sumpsisse
424 2670 540 2733 ridetur
565 2679 686 2752 propter
711 2670 876 2751 triumphos
904 2680 971 2734 ante
997 2670 1149 2734 biennium
1176 2682 1272 2747 actos3
1301 2672 1331 2735 C.
1353 2673 1494 2736 Calvisius

139 2775 266 2838 Sabinus
296 2793 356 2836 cos.
378 2793 405 2836 a.
425 2775 501 2850 715,
531 2775 582 2855 qui
605 2773 795 2856 triumphavit
821 2795 847 2837 5.
864 2774 926 2837 726
948 2793 984 2837 ex
1007 2773 1144 2856 Hispania
1168 2775 1253 2854 (6.1.
1277 2776 1309 2838 L.
1329 2776 1385 2859 lp.
1407 2777 1492 2858 478),

138 2881 215 2942 viam
243 2879 377 2961 Latinam
402 2877 504 2940 reiecit
530 2876 575 2957 (C.
590 2878 612 2939 1.
628 2878 661 2939 L.
682 2877 719 2952 X,
743 2878 826 2941 6895
849 2887 920 2956 cet,
950 2878 1090 2958 Borghesi
1111 2880 1215 2959 oppb
1237 2899 1266 2961 p.
1284 2879 1366 2960 152).
1389 2916 1431 2924 -
1452 2879 1493 2942 lle

138 2982 293 3066 pontibus,
316 3002 391 3064 quos
413 2981 577 3044 restituisse
598 3001 631 3043 55
652 2988 740 3060 negat
760 2981 925 3061 Augustus,
952 2980 1125 3044 notissimus
1147 2991 1193 3044 est
1214 2982 1338 3046 llulvius
1360 2988 1455 3047 tactus
1476 3005 1493 3047 5

137 3087 176 3149 ll.
198 3087 310 3149 Scauro
331 3105 453 3148 censore
475 3105 504 3148 5.
520 3104 545 3147 5.
567 3085 627 3147 645
652 3083 762 3158 (Victor
783 3104 810 3146 5.
832 3085 873 3146 ill.
890 3084 945 3161 723
971 3084 1069 3146 hmm.
1085 3084 1173 3148 Marc.
1189 3085 1239 3161 27,
1263 3086 1291 3160 3,
1315 3087 1356 3167 9),
1384 3107 1492 3150 nomeu

138 3202 236 3254 tamen
258 3200 362 3254 nactus
383 3209 400 3252 a
422 3199 556 3252 curatore
577 3189 676 3268 aliquo
697 3187 863 3268 antiquiore
882 3190 920 3251 ad
939 3188 1107 3268 exemplum
1129 3187 1254 3252 Fabricii
1276 3189 1326 3271 (51.
1342 3189 1493 3254 Muluiana

137 3299 330 3358 eonnooerua
357 3293 607 3367 6155511552,
638 3293 686 3368 15,
709 3294 751 3368 4).
795 3292 870 3355 Eum
897 3292 995 3374 ipsum
1018 3300 1237 3375 repraesentare
1258 3294 1354 3356 solent
1375 3295 1493 3357 nummi

136 3398 198 3461 vias
227 3399 264 3460 ab
281 3399 414 3478 Augusto
442 3396 571 3460 munitas
592 3395 805 3478 praedicantes,
836 3395 947 3459 scilicet
967 3402 1088 3478 propter
1108 3415 1208 3460 arcum
1230 3417 1351 3462 5555555
1374 3410 1436 3462 tum
1460 3399 1491 3462 in

137 3503 280 3565 honorem
302 3503 427 3583 Augusti
448 3501 479 3563 in
507 3509 596 3582 ponte
619 3520 654 3562 eo
676 3501 832 3563 collocatos
854 3501 894 3581 (5.
910 3501 1051 3581 Borghesi
1073 3520 1140 3584 opp.
1158 3502 1186 3576 2,
1210 3503 1295 3583 366).
1339 3505 1377 3567 ht
1397 3523 1491 3567 novus

137 3606 223 3669 nohis
249 3606 354 3670 accidit
379 3625 454 3688 pons
476 3605 622 3668 hlinucius
648 3625 743 3684 neque
766 3604 816 3667 ubi
837 3603 928 3666 luerit
949 3603 1017 3666 sciri
1039 3613 1153 3686 potest,
1181 3607 1370 3688 probabiliter
1392 3617 1490 3670 tamen

135 3729 205 3772 eum
228 3713 390 3772 referemus
410 3710 445 3772 ad
460 3709 623 3771 Thermum
645 3708 736 3781 illum,
763 3708 798 3771 de
820 3727 879 3788 quo
902 3709 1072 3772 consulatus
1086 3711 1117 3774 in
1132 3731 1157 3773 5.
1174 3711 1235 3774 696
1250 3713 1375 3792 petitore
1390 3711 1490 3775 Cicero

136 3813 238 3877 scribit
260 3813 308 3894 (ad
331 3815 390 3877 htt
409 3814 435 3888 1,
461 3816 488 3888 1,
511 3812 543 3891 2)
564 3811 612 3875 his
634 3812 747 3874 verbis:
770 3830 851 3875 nemo
873 3822 914 3876 est
935 3833 972 3876 ec
993 3817 1036 3891 iaia,
1060 3819 1108 3896 qut
1127 3834 1203 3878 5555
1220 3825 1331 3897 petum,
1355 3820 1406 3898 qui
1422 3820 1492 3879 5155

134 3931 267 3983 acanum
289 3937 398 3982 enaim
418 3918 550 3980 recident
569 3917 682 4000 fimatur
703 3917 873 3980 conuictus
894 3919 960 3997 sore
980 3920 1120 3994 videontr,
1142 3931 1292 4000 propterea
1312 3921 1387 4001 quod
1401 3939 1490 3984 cura-

135 4033 182 4086 tor
203 4033 244 4086 eat
263 4025 326 4086 vioe
347 4020 522 4093 Flaminiae,
548 4039 621 4102 quoe
641 4039 705 4083 cum
727 4023 782 4083 erit
803 4022 942 4096 absoluta,
963 4041 1032 4085 sone
1052 4023 1139 4105 [5525
1159 4043 1224 4086 eum
1244 4027 1400 4106 municipia
1421 4043 1490 4088 coa-

134 4129 226 4190 sulem
240 4128 375 4207 accipient
390 4125 446 4207 (sic
460 4128 520 4187 iera
535 4123 737 4200 Burmannus3
751 4129 891 4189 numitori
904 4127 1015 4189 conatii
1026 4129 1177 4192 occiderim
1194 4127 1291 4208 bled).
1324 4128 1376 4191 Via
1390 4138 1488 4191 autem

135 4230 260 4293 Minucia
287 4229 484 4311 (5155515.
501 4230 530 4304 9,
553 4229 582 4304 6,
607 4231 640 4304 1;
668 4227 767 4292 Horat.
783 4248 828 4310 ep.
847 4231 873 4305 l,
899 4229 947 4306 18,
971 4229 1025 4312 26)
1054 4233 1113 4294 huc
1139 4231 1219 4295 nullo
1242 4232 1487 4315 modo-pertinet.
