3525 5417
752 333 806 400 III,
824 336 911 392 7-21
1468 344 1506 407 61

152 507 230 588 plebi
253 509 389 573 denarios
411 521 551 574 centenos
572 511 754 593 promisisse,
776 532 905 595 cumque
927 515 1008 597 prius
1031 535 1062 580 se
1078 519 1114 581 de
1129 536 1163 580 eo
1179 520 1327 598 congiario
1343 520 1508 583 edicturum

151 621 273 692 negaret
294 634 382 694 qnam
413 623 534 679 senatus
560 616 759 698 approbasset,
787 628 924 681 senatum
947 621 1047 683 statim
1070 640 1138 684 eum
1160 620 1312 685 absentem
1334 623 1420 686 etlam
1445 633 1509 687 tum

151 716 265 795 legibus
288 718 419 781 solvisse.
464 719 587 783 Videtur
606 719 697 800 igitur
717 722 780 802 lege
802 723 982 805 prohibitum
1003 725 1103 800 luisse,
1126 726 1286 807 quominus
1302 727 1377 810 plebi
1393 729 1509 790 nummi

152 819 363 885 dividerentur.

251 924 293 987 lie
314 933 418 1006 quarta
440 926 612 990 liberalitate
633 929 824 992 frumentaria
846 929 961 1011 egimus
982 932 1019 994 ad
1044 934 1071 1006 1,
1088 933 1139 996 32.

252 1029 397 1102 Quintum
419 1031 601 1111 congiarium
624 1032 726 1095 datum
748 1053 774 1095 a.
791 1033 852 1093 742
874 1044 1024 1115 praeterea
1046 1045 1296 1098 commemoratur
1317 1036 1411 1098 tribus
1426 1037 1506 1112 locis,

151 1133 181 1195 in
204 1133 287 1195 lastis
309 1133 627 1216 Ripatransonensibus
648 1147 679 1198 et
699 1137 776 1218 apud
792 1137 914 1219 Dionem
937 1147 966 1200 et
988 1139 1155 1219 loseplrum.
1192 1139 1271 1201 Fasti
1293 1140 1334 1201 illi
1348 1140 1393 1219 (C.
1409 1140 1430 1200 l.
1447 1142 1479 1202 L.
1496 1143 1508 1202 l

151 1257 179 1318 p.
195 1236 259 1298 472
278 1263 322 1290 =
342 1238 382 1300 tx
397 1257 426 1300 n.
443 1238 539 1320 5289)
567 1239 609 1301 sic
637 1241 667 1301 ni
696 1241 780 1303 fallor
800 1241 935 1324 explendi
957 1252 1028 1305 sunt
1049 1244 1145 1324 paullo
1167 1243 1251 1306 aliter
1273 1253 1361 1324 atque
1383 1245 1508 1326 explevit

152 1341 329 1423 Borghesius
351 1342 412 1404 dec
429 1343 459 1416 6,
475 1343 495 1404 6
518 1361 585 1425 opp.
604 1344 631 1417 1,
647 1343 756 1424 314¹):

393 1514 443 1550 οοι.
478 1515 513 1549 m.
548 1498 663 1550 ualerios
696 1497 817 1550 merentia
848 1516 874 1568 p.
910 1500 1034 1570 sulpicius
1068 1503 1198 1568 quirinion
1351 1519 1374 1552 u.
1387 1519 1409 1552 c.
1423 1503 1471 1552 742

841 1607 861 1642 ο.
880 1591 967 1658 calgi
988 1604 1009 1645 v
1032 1593 1144 1660 srtqs'tu

808 1692 830 1728 e.
864 1677 1155 1732 canrntvsretitus

579 1759 604 1813 l.
638 1773 758 1817 avcvsr
784 1775 978 1818 n·vonvsrvs
990 1787 997 1804 ·
1011 1769 1168 1818 saturninus

216 1909 221 1918 Ι
257 1841 324 1912 pret
342 1859 391 1895 non
409 1848 485 1896 mart.
502 1847 566 1912 imp.
584 1860 681 1900 monn
693 1873 700 1887 ·
712 1860 820 1904 courir
831 1873 840 1890 ·
853 1861 951 1904 unxnu
966 1873 974 1891 ·
987 1855 1104 1904 cremus
1120 1856 1157 1903 est

260 1967 561 1985 .............
565 1941 585 1984 ·.
601 1931 664 1986 iden
677 1958 684 1973 ·
698 1946 892 1990 coucmmvru
907 1959 914 1974 ·
928 1946 1045 1990 rorvlo
1063 1936 1131 1988 dedu

261 2053 610 2072 ...............
641 2031 707 2074 nius
730 2046 738 2061 ·
760 2033 783 2074 m
812 2047 820 2063 ·
849 2033 865 2075 r
907 2021 1293 2089 r·nvrrtim..s.iiuir?

428 2119 477 2155 οοι.
489 2102 593 2172 pactus
602 2106 701 2172 santus
743 2110 877 2159 mucimus
922 2124 946 2174 q.
980 2118 1078 2160 Αειιοι
1095 2108 1184 2159 tubero
1348 2123 1372 2157 u.
1385 2123 1406 2158 c.
1421 2108 1470 2158 743

149 2267 545 2351 obmurmurant
572 2283 729 2355 postquam
751 2273 825 2337 dixit
851 2274 888 2337 de
915 2283 1009 2336 morte
1037 2273 1189 2355 Agrippae,
1215 2293 1289 2354 quae
1317 2272 1414 2335 evenit
1441 2273 1503 2336 cius

149 2372 219 2435 anni
240 2392 343 2436 mense
365 2374 478 2451 Martio,
512 2377 599 2442 etde
621 2377 731 2458 legatis,
764 2396 839 2457 quae
871 2377 1009 2438 heredem
1036 2376 1203 2458 Augustum
1237 2376 1345 2458 populo
1371 2376 1503 2438 Romano

148 2477 217 2540 dare
238 2477 382 2552 iussisset,
404 2479 485 2542 addit
506 2491 655 2562 praeterea
670 2483 846 2561 Augustum,
869 2489 1019 2560 tamquam
1042 2481 1082 2542 ita
1106 2489 1282 2544 testamento
1301 2479 1401 2543 iussus
1416 2489 1502 2554 esset,

148 2580 365 2661 quadringenos
387 2583 538 2646 sestertios
560 2584 638 2665 plebi
666 2583 799 2646 divisisse
820 2584 889 2665 (καὶ
913 2584 994 2646 καθ’
1024 2569 1139 2648 ’ἑκατὸν
1160 2582 1307 2674 δραχμὰς
1327 2584 1374 2667 τῷ
1395 2579 1502 2667 δήμῳ,

148 2681 192 2758 ὦς
211 2681 268 2750 καὶ
292 2685 418 2752 ἐκείνου
442 2685 662 2767 sedebamus,
687 2686 852 2770 διένειμε).
891 2687 1021 2774 lienique
1035 2687 1178 2769 Iosephus
1192 2688 1240 2763 16,
1254 2688 1283 2762 4,
1299 2687 1328 2761 5,
1344 2695 1499 2768 postquam

147 2791 278 2854 narravit
298 2811 490 2873 congressum
513 2791 643 2855 Caesaris
665 2801 695 2854 et
717 2791 841 2854 Herodis
856 2791 1013 2872 Aquileiae,
1036 2810 1095 2872 quo
1118 2791 1228 2854 scilicet
1249 2792 1399 2872 Augustus
1422 2792 1502 2853 venit

147 2895 250 2957 eodem
272 2915 349 2958 anno
372 2896 522 2960 Tiberium
544 2895 613 2958 inde
634 2895 670 2957 ad
696 2894 805 2958 bellum
828 2895 1030 2958 Pannonicum
1058 2894 1208 2958 dimittens
1231 2897 1279 2973 (ci.
1301 2893 1354 2956 llio
1382 2895 1431 2967 54,
1448 2894 1503 2969 31;

148 2999 269 3062 Sueton.
286 3001 358 3081 Aug.
374 3001 438 3077 20),
461 3010 617 3080 antequam
640 3010 771 3081 exponut
792 3001 829 3063 de
849 2999 1048 3063 aedificatione
1071 2997 1170 3080 oppidi
1191 2999 1347 3061 Caesareae
1369 2997 1500 3060 absoluta

146 3121 171 3164 a.
188 3103 250 3165 743
266 3104 331 3184 (16,
346 3106 375 3178 5,
393 3108 433 3182 1),
455 3105 527 3168 baec
550 3104 726 3186 interponit:
761 3098 797 3167 ἐν
829 3102 867 3167 δὲ
898 3113 972 3177 ταῖς
1005 3097 1156 3186 ὑστέραις
1189 3097 1325 3187 ἡμέραις
1355 3095 1503 3185 Ἡρώδης

146 3203 479 3290 ἐδωρεῖτοΚαίσαρα
500 3209 705 3292 τριακοσίοις
726 3202 913 3284 ταλάντοις,
936 3208 1021 3280 θέας
1047 3204 1159 3268 τεκαὶ
1190 3202 1353 3287 διανομὰς
1382 3202 1501 3267 ποιού-

145 3330 247 3391 μενον
273 3310 320 3396 τῷ
343 3304 515 3393 Ῥωμαίων
541 3308 646 3395 δήμῳ.
690 3301 746 3372 Ubi
772 3329 833 3374 non
863 3309 992 3390 intellegi
1020 3327 1128 3371 munus
1154 3308 1357 3389 gladiatorium
1387 3309 1500 3371 editum

145 3413 182 3474 ab
203 3413 336 3493 Augusto
365 3414 493 3477 liliorum
521 3414 641 3476 nomine
670 3415 912 3495 quinquatribus,
939 3414 969 3476 id
996 3422 1042 3475 est
1070 3412 1116 3474 die
1145 3411 1228 3474 biart.
1247 3412 1285 3474 19
1308 3431 1334 3474 a.
1351 3411 1412 3473 742
1435 3411 1500 3489 (Dio

145 3517 196 3591 54,
212 3515 276 3594 28),
303 3518 383 3597 quod
405 3516 561 3599 Zumptius
589 3516 646 3580 sibi
667 3519 821 3598 persuasit,
848 3517 917 3580 inde
943 3515 1098 3596 colligitur,
1131 3515 1209 3597 quod
1241 3515 1271 3577 id
1304 3532 1399 3595 neque
1430 3533 1499 3577 cum

145 3619 287 3683 divisione
309 3621 369 3683 ulla
389 3623 581 3685 coniunctum
603 3621 661 3683 luit
686 3631 716 3685 et
743 3624 855 3686 editum
884 3631 930 3685 est
951 3617 1077 3702 Agrippa
1103 3620 1168 3681 rivo
1190 3618 1255 3699 (llio
1277 3619 1296 3681 l.
1312 3619 1360 3699 ο.)
1404 3619 1499 3681 lmmo

146 3722 283 3803 mgitarit
314 3724 457 3806 Iosephus
490 3725 526 3788 de
559 3724 769 3806 quadringenis
802 3725 954 3800 sestertiis,
988 3723 1039 3805 qui
1073 3732 1222 3805 umquem
1257 3743 1292 3786 ex
1324 3731 1499 3786 testamento

144 3826 289 3909 Agrippae
310 3847 345 3890 eo
367 3847 444 3891 anno
471 3838 540 3911 post
568 3829 646 3891 diem
669 3828 734 3892 lun.
750 3827 791 3891 26
814 3829 890 3910 (dies
921 3827 1060 3908 congiarii
1088 3827 1148 3890 dati
1175 3827 1206 3889 in
1232 3827 1315 3890 lastis
1340 3827 1498 3910 Ripatran-

145 3929 330 3994 senensibus·
344 3933 509 4015 adscriptus
531 3933 597 4008 luit,
620 3933 672 3995 sed
692 3931 853 4014 intercidit)
875 3931 984 4016 populo
1006 3931 1154 3993 numerati
1176 3940 1255 4006 sunt,
1278 3938 1308 3994 et
1326 3931 1362 3992 de
1378 3949 1499 3993 munere

145 4033 314 4114 gladiatorio
334 4034 523 4098 inhonorem
539 4034 682 4118 Agrippae
702 4035 833 4098 defuncti
854 4035 955 4098 statim
977 4034 1040 4097 sine
1062 4034 1152 4096 dubio
1174 4033 1330 4116 promisso,
1354 4035 1405 4097 sed
1420 4033 1498 4096 edito

145 4155 171 4199 a.
193 4139 313 4202 demum
330 4140 391 4200 747
406 4137 473 4219 (bio
489 4140 540 4214 55,
556 4137 598 4218 8),
620 4139 732 4202 scilicet
752 4138 973 4222 procrastinatis
995 4137 1167 4220 spectaculis
1189 4147 1311 4248 propter
1324 4147 1496 4221 apparatum
1612 4233 1619 4248 ¹

145 4241 280 4305 ludorum
303 4243 425 4324 longum
446 4251 478 4306 et
498 4242 667 4306 molestum.

242 4436 263 4501 ι)
282 4435 416 4500 berglinm
451 4443 606 4488 statuentem
640 4437 714 4487 ludos
749 4433 830 4487 laetos
864 4449 922 4487 esse
952 4433 983 4486 ab
1014 4435 1129 4500 Angusto
1161 4449 1184 4485 a.
1210 4433 1258 4486 tta
1290 4434 1321 4484 ob
1353 4442 1496 4502 susceptam

147 4522 317 4585 pontificatum
340 4523 486 4587 maximnm,
505 4523 634 4575 erravisse
657 4522 739 4587 igitur
757 4521 863 4573 Dionem
886 4537 919 4573 ex
942 4528 1093 4573 testamento
1111 4519 1240 4588 Agrippae
1264 4535 1308 4572 eos
1331 4529 1497 4588 repetentem,

146 4603 224 4661 fastos
240 4608 487 4678 Ripatransonenses
509 4610 663 4677 supplendos
687 4624 745 4661 esse
762 4609 813 4661 sic:
832 4609 882 4678 [pr.
899 4624 956 4660 ιιοιι.
973 4607 1052 4660 Mart.
1068 4610 1130 4668 imp.
1152 4607 1256 4674 θαοιῙαι·
1274 4609 1367 4676 pontis.
1385 4611 1497 4659 mmm.
1625 4607 1630 4614 “

145 4696 249 4758 rr[eetur
270 4695 343 4748 iudos
369 4699 503 4748 &manses
525 4697 558 4760 et]
581 4699 743 4765 congrbrium
762 4695 856 4766 populo
878 4695 972 4760 [dedilh
996 4696 1045 4747 iam
1068 4695 1201 4762 redarguit
1223 4696 1277 4762 ipse
1301 4695 1367 4762 lapis
1385 4696 1496 4748 lectione

147 4783 254 4850 expleta.
1068 4809 1071 4818 ι
