3525 5417
245 335 312 392 XVI

247 518 326 579 veuit
355 536 370 578 a
397 515 492 597 prima
518 515 622 597 pagina
654 514 689 575 ad
716 513 871 595 septimam
895 512 1048 575 decimam.
1098 510 1187 573 Fiunt
1213 530 1315 573 versus
1344 512 1469 593 exempli
1496 512 1598 574 Graeci

246 640 350 682 omnes
376 628 495 699 excepta
520 618 709 699 inscriptione
736 616 812 691 436,
841 625 875 678 51
901 616 931 677 15
959 615 1128 677 uuiversum
1157 634 1259 677 versus
1281 615 1402 678 latium
1423 615 1600 696 respondeat

247 724 356 785 Graeco
383 722 479 785 versui
505 721 557 784 uni
579 722 682 795 semis,
709 720 812 802 pagina
835 719 943 780 Graeca
965 718 1098 780 versibus
1125 717 1236 780 Latinis
1263 720 1398 781 sedecim.
1447 718 1598 781 Elementa

246 827 355 888 habent
375 845 477 887 versus
492 824 587 888 Latini
608 825 675 906 plus
697 824 797 886 miuus
819 842 969 902 sexagena,
992 822 1093 883 Graeci
1116 821 1193 883 iuter
1215 821 1324 884 tricena
1346 833 1376 885 et
1397 823 1598 903 quadrageua3

246 944 360 991 exarata
387 939 483 993 autem
513 938 584 992 sunt
609 945 714 1009 parum
744 926 933 1007 aequabiliter
962 926 1050 1003 modo
1076 926 1133 986 late
1161 924 1277 987 diducta
1305 927 1393 987 modo
1420 943 1521 1006 pressa
1543 945 1597 988 au-

247 1042 346 1113 guste,
373 1033 458 1096 cuius
487 1031 730 1112 inaequabilitatis
758 1031 891 1111 exempla
917 1028 1059 1109 quaedam
1091 1027 1249 1107 insigniora
1276 1030 1428 1091 attulimus
1451 1049 1480 1110 p.
1497 1030 1538 1092 49
1560 1030 1596 1091 56

247 1134 276 1209 2,
299 1134 339 1197 31
362 1145 391 1197 51
412 1156 441 1217 p.
459 1136 518 1198 100
540 1136 577 1197 ad
599 1136 628 1211 5,
644 1134 678 1209 83
705 1133 790 1214 plene
818 1152 881 1195 eam
911 1140 1134 1214 repraesentant
1159 1132 1273 1193 tabulae
1295 1132 1436 1194 volumini
1457 1132 1598 1195 adiectae.

712 1473 751 1537 A.
786 1472 910 1542 PARS
932 1469 1130 1539 LAnmA.

345 1646 518 1727 Exemplum
542 1646 678 1709 Latinum
706 1666 773 1709 cum
796 1666 812 1708 a
834 1646 897 1721 die,
925 1665 984 1728 quo
1005 1646 1132 1708 incisum
1155 1654 1209 1715 est,
1231 1644 1266 1706 ad
1289 1644 1369 1706 hunc
1390 1644 1505 1724 publice
1526 1664 1598 1725 pro-

246 1749 353 1811 stiterit
377 1750 441 1811 loco
470 1749 703 1823 evidentissimo,
733 1750 856 1829 insignis
883 1749 1067 1811 mouumenti
1093 1748 1197 1810 notitia
1223 1748 1389 1829 percrebuit
1418 1749 1454 1811 ab
1476 1750 1540 1829 ipso
1562 1768 1597 1811 eo

247 1864 391 1936 tempore,
421 1873 479 1933 qno
502 1862 570 1935 post
591 1854 741 1917 restitutas
763 1854 873 1916 litteras
897 1854 951 1915 riri
972 1852 1050 1914 docti
1072 1851 1200 1932 pmmnm
1223 1858 1368 1933 Ancyram
1390 1862 1596 1933 pervenerunt

246 1957 302 2030 Qui
325 1961 445 2019 luerunt
466 1957 551 2037 legati
573 1957 632 2019 655
654 1957 690 2018 ab
712 1956 887 2037 imperatore
902 1956 1074 2017 Germaniae
1088 1954 1272 2016 Eerdinando
1287 1955 1313 2016 ll
1334 1975 1360 2017 a.
1378 1956 1459 2016 1555
1482 1955 1517 2017 56
1539 1956 1598 2017 115-

246 2060 596 2141 555515155151551551
621 2060 801 2123 Solimanum
825 2060 996 2122 Vindobona
1017 2058 1163 2120 Amasiam
1188 2058 1271 2119 missi
1293 2058 1436 2138 hogerius
1452 2059 1597 2121 Cisleuius

246 2164 430 2243 anbequius
460 2164 584 2226 Batavus
618 2173 647 2224 et
673 2163 818 2225 Antonius
847 2162 1014 2225 Wrantzius
1042 2163 1101 2223 sive
1129 2160 1284 2222 Verantius
1314 2161 1469 2242 episcopus
1495 2161 1598 2240 hgriae

246 2286 313 2328 cum
337 2266 494 2328 comitibus
515 2266 618 2345 suis1).
649 2266 819 2347 Exemplum
843 2267 949 2327 horum
974 2268 1057 2327 iussu
1072 2272 1224 2345 exceptum
1240 2282 1300 2325 nou
1316 2264 1435 2344 plenum
1452 2273 1482 2325 et
1497 2263 1598 2327 multis

244 2370 316 2431 locis
338 2378 509 2451 corruptum
538 2388 604 2432 cum
637 2370 757 2431 minime
781 2371 978 2442 satisfaceret,
1005 2369 1097 2431 abeo
1120 2368 1188 2429 inde
1210 2377 1342 2449 tempore
1364 2367 1499 2428 homines
1521 2366 1598 2430 docti

246 2483 379 2556 expetere
401 2482 575 2555 coeperunt,
600 2482 632 2535 ut
654 2472 799 2552 integrum
824 2482 854 2534 et
875 2474 1037 2554 perlectum
1059 2472 1259 2553 apographum
1282 2481 1447 2552 pararetur,
1471 2489 1598 2551 cumque

245 2576 345 2639 Daniel
373 2576 531 2638 Cosscnius
559 2578 725 2657 exemplum
753 2576 809 2638 sihi
835 2586 1034 2677 comperasset
1061 2595 1121 2636 non
1151 2574 1279 2648 bonum,
1312 2574 1364 2636 sed
1392 2573 1598 2653 Busbequiauo

345 2780 366 2845 ¹)
389 2775 908 2846 655655515515551155511551515551555
921 2775 1046 2844 epistulae
1058 2781 1187 2840 quattuor.
1204 2772 1366 2825 Eraneoiurti
1381 2775 1454 2825 1595.
1468 2775 1492 2827 8.
1506 2791 1529 2840 p.
1541 2775 1599 2836 6515

245 2868 386 2933 Aneyram,
406 2866 495 2933 iuquit,
513 2868 628 2915 uenimus
645 2864 777 2913 mannans
788 2878 805 2911 a
819 2861 1035 2930 Constantinopoli
1044 2858 1110 2911 XIX
1121 2897 1146 2910 ..
1162 2897 1167 2910 .
1181 2896 1188 2910 .
1213 2860 1258 2911 Ilio
1274 2860 1475 2928 pulcherrimam
1488 2860 1599 2912 uidimus

244 2955 435 3020 inscriptionem
458 2955 481 3001 et
502 2950 647 3001 nisurum
671 2948 790 3011 illarum,
813 2949 902 3013 quobus
922 2947 1033 2998 indicem
1053 2962 1141 2998 rmum
1163 2962 1180 2996 a
1200 2951 1377 3013 angustarum
1395 2947 1543 3014 ccrnpleseas
1560 2950 1599 2997 est

244 3039 396 3103 Augustus,
413 3033 567 3104 esernplnna
606 3034 637 3085 Id
653 3038 777 3100 quatenns
794 3033 846 3101 legi
860 3037 956 3103 potuit,
972 3050 1019 3102 per
1036 3037 1136 3084 nostros
1153 3033 1267 3083 domines
1284 3031 1504 3085 transorabnsdnm
1522 3047 1598 3083 enra-

244 3126 336 3174 nimus.
359 3122 442 3173 setas
459 3125 568 3173 incisam
586 3120 704 3188 aedificii,
722 3121 787 3187 qnod
803 3121 864 3172 olins
872 3122 992 3188 sortasse
1000 3122 1158 3188 5555155155
1163 3121 1261 3186 snaed,
1279 3117 1362 3169 dismi
1378 3123 1402 3169 et
1414 3122 1477 3169 tecto
1489 3121 1600 3170 55555115

224 3252 226 3257 ,
244 3211 396 3261 marmoreis
417 3209 570 3276 parietibus,
595 3210 631 3257 ita
652 3210 680 3257 ul
699 3206 806 3258 disntiiia
823 3222 887 3276 pars
905 3207 1063 3258 intrantibus
1080 3205 1116 3256 ad
1131 3204 1264 3269 1155511551,
1285 3205 1394 3257 dinsidia
1411 3204 1448 3255 ad
1462 3207 1599 3256 5151515515

246 3299 371 3346 assumat.
401 3294 528 3363 Suprema
546 3296 630 3362 capita
640 3295 703 3360 sere
721 3295 824 3360 integra
841 3297 911 3358 sant,
929 3291 1013 3344 nwdia
1031 3292 1131 3343 lacunis
1149 3291 1267 3343 15655555
1282 3294 1416 3359 incipiunt,
1435 3291 1526 3358 infima
1542 3304 1599 3341 esra

245 3384 373 3435 clusarum
392 3387 416 3433 et
433 3384 561 3433 securium
579 3383 672 3432 ictidas
689 3383 726 3430 ita
743 3378 867 3442 15555515,
884 3384 914 3429 nt
931 3378 983 3445 legi
998 3395 1047 3429 non
1062 3380 1168 3445 possint,
1185 3376 1253 3443 qnod
1266 3394 1329 3428 sarae
1345 3380 1385 3429 rei
1400 3378 1532 3429 literariae
1549 3391 1598 3428 non

244 3468 367 3520 mediocre
387 3467 511 3519 damarim
532 3472 572 3517 est
590 3484 606 3517 a
623 3466 705 3517 doctis
722 3469 814 3517 retemta
831 3463 1019 3532 deplorandam,
1036 3463 1110 3530 idque
1126 3480 1154 3515 eo
1171 3466 1264 3530 magis,
1281 3463 1348 3529 qaod
1364 3464 1451 3515 urbem
1474 3462 1543 3513 illam
1565 3463 1597 3511 alr

248 3558 326 3606 Asiae
349 3558 530 3606 emnnmnitnte
548 3554 667 3619 Augusto
688 3551 798 3602 dicatmn
810 3554 902 3619 sne'sse
918 3554 1019 3601 5555151.
1054 3549 1124 3601 inter
1143 3550 1267 3617 epistulas
1285 3550 1370 3615 Pigbii
1388 3550 1599 3612 llamburgenaes‚

245 3642 276 3693 de
295 3642 385 3708 quibus
405 3640 511 3707 exposui
530 3641 555 3689 in
575 3640 641 3691 sctis
659 3638 799 3690 minoribus
818 3638 959 3688 academiae
972 3636 1144 3688 berolinensis
1162 3638 1266 3688 51866
1284 3653 1307 3702 p.
1321 3635 1426 3702 etseq,
1445 3636 1470 3685 in
1489 3651 1517 3686 ea
1535 3648 1598 3700 quae

246 3735 285 3779 est
304 3744 326 3777 u.
340 3728 372 3778 91
391 3728 450 3778 6515
469 3726 583 3777 Viennae
601 3727 624 3776 6.
637 3728 661 3775 6.
675 3727 739 3788 Aug.
754 3724 818 3773 1511
836 3724 866 3774 56
886 3724 1004 3773 Carolum
1022 3721 1131 3773 Rimium
1149 3722 1288 3773 Caesareae
1306 3722 1451 3773 Maiestatis
1470 3730 1599 3772 oratorem

245 3814 310 3882 apud
328 3813 449 3865 solinum
468 3812 607 3863 'l‘urcsrum
626 3813 803 3877 imperatorem
822 3807 927 3872 Pighius
945 3811 976 3861 de
993 3815 1153 3860 monumento
1172 3810 1309 3875 Ancyrauo
1330 3808 1369 3857 sie
1388 3808 1515 3858 scribens:
1533 3807 1598 3857 ‘cnm

314 3902 341 3950 1).
356 3900 480 3963 hogerius
502 3914 518 3950 a
537 3898 696 3966 Buysbecche
724 3896 784 3946 mihi
811 3896 969 3961 persuaserit
991 3898 1108 3962 Ancyrae
1130 3896 1156 3946 in
1181 3892 1283 3945 Galatia
1306 3894 1387 3944 adhue
1408 3894 1531 3959 temporis
1554 3906 1600 3943 ex·

244 3994 300 4037 tare
328 3992 354 4035 et
381 4002 410 4037 se
433 3985 531 4036 vidisse
553 3999 655 4048 magnas
683 3982 805 4033 breviarii
833 3998 917 4033 rerum
945 3988 1072 4045 gestarum
1089 3981 1117 4031 ll.
1132 3979 1240 4043 Augusti
1266 3978 1390 4044 reliquias
1416 3977 1598 4043 antiquissimis

245 4072 393 4123 marmoreis
412 4071 551 4138 perietibus
570 4060 710 4137 insculptae
729 4083 845 4135 spemque
864 4067 957 4120 lecerit
976 4084 1018 4119 555
1036 4068 1179 4133 descriptas
1198 4064 1284 4115 haberi
1302 4064 1360 4113 inde
1379 4079 1467 4129 posse,
1485 4064 1598 4128 qnando·

245 4158 343 4224 quidem
366 4157 505 4207 Christiani
528 4163 680 4207 mercatores
707 4157 736 4206 ad
762 4156 827 4205 illud
852 4154 953 4206 celebre
977 4154 1115 4220 emporium
1138 4153 1239 4218 saepius
1263 4149 1472 4217 proficiscantur',
1490 4147 1598 4199 ltiuiuu

245 4252 320 4309 regat
341 4250 369 4293 ut
394 4259 445 4293 rem
468 4243 493 4292 in
519 4257 547 4293 se
570 4241 705 4308 suscipiet;
729 4249 842 4307 sumptus
866 4241 897 4291 ab
915 4240 1028 4306 Augerio
1042 4239 1199 4290 'aestimatos
1220 4251 1255 4287 xx
1273 4245 1317 4288 aut
1334 4250 1389 4286 xxx
1406 4237 1552 4287 ducatorum
1570 4248 1598 4285 ss

245 4330 363 4382 lubenter
381 4330 558 4379 toleraturum.
587 4328 665 4379 addit
682 4326 798 4379 loannem
816 4328 965 4379 Sambucum
984 4328 1014 4376 65
1032 4326 1119 4377 eadem
1138 4340 1166 4375 re
1184 4324 1339 4389 scripturum
1357 4336 1414 4373 esse
1432 4322 1463 4370 ad
1482 4318 1598 4384 Uagens-

245 4418 312 4467 dium
332 4414 409 4467 liimii
428 4430 600 4466 successorem
619 4414 739 4465 futurum.
770 4414 915 4482 Respondet
932 4412 1030 4463 ltimius
1049 4414 1083 4476 (n.
1098 4411 1158 4476 254)
1176 4408 1399 4475 Constantinopoli
1419 4408 1440 4458 1.
1453 4406 1518 4457 Nor.
1533 4406 1599 4459 1574

246 4520 282 4566 55,
301 4502 325 4553 51
344 4509 420 4552 55155
438 4502 461 4550 16
481 4501 510 4551 56
531 4518 558 4552 55
577 4502 683 4552 allatum
702 4509 778 4564 esset,
798 4500 910 4553 libenter
928 4501 1050 4567 pictorem
1067 4514 1140 4548 snum
1152 4497 1278 4564 Ancyram
1292 4494 1426 4545 missurum
1438 4489 1531 4557 inisse,
1548 4492 1598 4542 iam

244 4590 270 4640 in
296 4596 367 4640 tanta
391 4588 510 4654 temporis
529 4588 646 4652 angustia
665 4596 769 4654 propter
786 4589 925 4639 discessum
944 4586 1040 4637 duobus
1059 4583 1242 4636 mercatoribus
1260 4582 1350 4633 amicis
1367 4596 1422 4633 rem
1440 4578 1599 4630 mandavisse

245 4675 354 4741 itemque
367 4675 510 4726 successori
523 4689 569 4725 suo
581 4673 671 4725 baroni
683 4674 837 4737 Ungeuadio.
850 4702 876 4710 -
895 4673 1031 4724 Praeterea
1044 4672 1162 4722 videatur
1172 4670 1202 4719 de
1212 4668 1306 4720 itinere
1318 4666 1520 4733 Buebequiauoa.
1534 4665 1600 4716 1555

245 4761 272 4811 C.
286 4759 304 4811 l.
316 4761 344 4811 L.
363 4759 395 4811 111
407 4762 456 4827 pt
474 4776 586 4827 quaeque
604 4761 721 4827 exposuit
739 4756 846 4826 tltepert
864 4760 889 4809 in
908 4760 974 4810 actis
992 4757 1131 4808 menstruis
1149 4755 1218 4806 5556,
1237 4755 1318 4806 iterol.
1339 4753 1403 4805 1863
1422 4769 1443 4818 p.
1457 4752 1506 4802 361
1516 4766 1552 4816 sq.
