<?xml version="1.0" encoding="UTF-8"?>
<!DOCTYPE html PUBLIC "-//W3C//DTD XHTML 1.0 Transitional//EN"
    "http://www.w3.org/TR/xhtml1/DTD/xhtml1-transitional.dtd">
<html xmlns="http://www.w3.org/1999/xhtml" xml:lang="en" lang="en">
 <head>
  <title>
</title>
<meta http-equiv="Content-Type" content="text/html;charset=utf-8" />
  <meta name='ocr-system' content='tesseract 3.04.00' />
  <meta name='ocr-capabilities' content='ocr_page ocr_carea ocr_par ocr_line ocrx_word'/>
</head>
<body>
  <div class='ocr_page' id='page_1' title='image "./resgestaediviau00mommgoog_0123.png"; bbox 0 0 3525 5417; ppageno 0'>
   <div class='ocr_carea' id='block_1_1' title="bbox 702 357 1573 424">
    <p class='ocr_par' dir='ltr' id='par_1_1' title="bbox 702 357 1573 424">
     <span class='ocr_line' id='line_1_1' title="bbox 702 357 1573 424; baseline -0.005 0"><span class='ocrx_word' id='word_1_1' title='bbox 702 357 850 424; x_wconf 58' lang='lat' dir='ltr'><strong>Life-24</strong></span> <span class='ocrx_word' id='word_1_2' title='bbox 1408 360 1447 422; x_wconf 88' lang='grc'><strong>19</strong></span> <span class='ocrx_word' id='word_1_3' title='bbox 1568 409 1573 420; x_wconf 96' lang='grc'><strong>.</strong></span> 
     </span>
    </p>
   </div>
   <div class='ocr_carea' id='block_1_2' title="bbox 104 535 1492 2162">
    <p class='ocr_par' dir='ltr' id='par_1_2' title="bbox 104 535 1451 1236">
     <span class='ocr_line' id='line_1_2' title="bbox 117 535 1448 619; baseline -0.002 -21"><span class='ocrx_word' id='word_1_4' title='bbox 117 537 201 600; x_wconf 84' lang='lat' dir='ltr'><strong>Huius</strong></span> <span class='ocrx_word' id='word_1_5' title='bbox 222 537 325 618; x_wconf 90' lang='lat' dir='ltr'><strong>capitis</strong></span> <span class='ocrx_word' id='word_1_6' title='bbox 346 535 495 600; x_wconf 80' lang='lat' dir='ltr'><strong>restitutio</strong></span> <span class='ocrx_word' id='word_1_7' title='bbox 520 554 697 618; x_wconf 72' lang='lat' dir='ltr'><strong>magnopere</strong></span> <span class='ocrx_word' id='word_1_8' title='bbox 725 536 863 619; x_wconf 86' lang='lat' dir='ltr'><strong>impedita</strong></span> <span class='ocrx_word' id='word_1_9' title='bbox 896 544 949 610; x_wconf 82' lang='lat' dir='ltr'><strong>est,</strong></span> <span class='ocrx_word' id='word_1_10' title='bbox 983 554 1051 598; x_wconf 91' lang='lat' dir='ltr'><strong>cum</strong></span> <span class='ocrx_word' id='word_1_11' title='bbox 1081 535 1188 598; x_wconf 86' lang='lat' dir='ltr'><strong>Graeca</strong></span> <span class='ocrx_word' id='word_1_12' title='bbox 1214 538 1273 598; x_wconf 91' lang='lat' dir='ltr'><strong>fere</strong></span> <span class='ocrx_word' id='word_1_13' title='bbox 1304 535 1448 609; x_wconf 83' lang='lat' dir='ltr'><strong>deficiant,</strong></span> 
     </span>
     <span class='ocr_line' id='line_1_3' title="bbox 116 638 1449 723; baseline -0.001 -21"><span class='ocrx_word' id='word_1_14' title='bbox 116 641 209 704; x_wconf 82' lang='lat' dir='ltr'><strong>latina</strong></span> <span class='ocrx_word' id='word_1_15' title='bbox 237 641 345 723; x_wconf 91' lang='lat' dir='ltr'><strong>passim</strong></span> <span class='ocrx_word' id='word_1_16' title='bbox 374 640 464 702; x_wconf 86' lang='lat' dir='ltr'><strong>hient.</strong></span> <span class='ocrx_word' id='word_1_17' title='bbox 509 639 672 713; x_wconf 84' lang='grc'><strong>0454444444</strong></span> <span class='ocrx_word' id='word_1_18' title='bbox 702 659 757 720; x_wconf 88' lang='grc'><strong>445</strong></span> <span class='ocrx_word' id='word_1_19' title='bbox 783 660 817 702; x_wconf 92' lang='lat' dir='ltr'><strong>eo</strong></span> <span class='ocrx_word' id='word_1_20' title='bbox 844 640 924 720; x_wconf 92' lang='lat' dir='ltr'><strong>quod</strong></span> <span class='ocrx_word' id='word_1_21' title='bbox 949 648 994 701; x_wconf 90' lang='grc'><strong>544</strong></span> <span class='ocrx_word' id='word_1_22' title='bbox 1018 638 1134 720; x_wconf 72' lang='lat' dir='ltr'><strong>[plubia</strong></span> <span class='ocrx_word' id='word_1_23' title='bbox 1157 660 1183 701; x_wconf 92' lang='grc'><strong>4.</strong></span> <span class='ocrx_word' id='word_1_24' title='bbox 1199 640 1240 700; x_wconf 89' lang='grc'><strong>22</strong></span> <span class='ocrx_word' id='word_1_25' title='bbox 1262 641 1449 720; x_wconf 89' lang='lat' dir='ltr'><strong>suppleamus</strong></span> 
     </span>
     <span class='ocr_line' id='line_1_4' title="bbox 114 742 1450 825; baseline 0.001 -21"><span class='ocrx_word' id='word_1_26' title='bbox 114 763 264 806; x_wconf 91' lang='lat' dir='ltr'><strong>numerum</strong></span> <span class='ocrx_word' id='word_1_27' title='bbox 286 750 346 818; x_wconf 79' lang='grc'><strong>4444,</strong></span> <span class='ocrx_word' id='word_1_28' title='bbox 368 763 441 825; x_wconf 82' lang='lat' dir='ltr'><strong>apex</strong></span> <span class='ocrx_word' id='word_1_29' title='bbox 462 743 514 824; x_wconf 94' lang='lat' dir='ltr'><strong>qui</strong></span> <span class='ocrx_word' id='word_1_30' title='bbox 532 751 666 823; x_wconf 80' lang='lat' dir='ltr'><strong>superest</strong></span> <span class='ocrx_word' id='word_1_31' title='bbox 679 753 746 806; x_wconf 87' lang='grc'><strong>54445</strong></span> <span class='ocrx_word' id='word_1_32' title='bbox 760 761 779 804; x_wconf 84' lang='grc'><strong>4</strong></span> <span class='ocrx_word' id='word_1_33' title='bbox 792 743 897 806; x_wconf 88' lang='lat' dir='ltr'><strong>obstat.</strong></span> <span class='ocrx_word' id='word_1_34' title='bbox 914 742 1078 805; x_wconf 75' lang='lat' dir='ltr'><strong>-Deinde</strong></span> <span class='ocrx_word' id='word_1_35' title='bbox 1094 761 1161 806; x_wconf 90' lang='lat' dir='ltr'><strong>cum</strong></span> <span class='ocrx_word' id='word_1_36' title='bbox 1177 763 1203 805; x_wconf 95' lang='grc'><strong>4.</strong></span> <span class='ocrx_word' id='word_1_37' title='bbox 1218 743 1259 804; x_wconf 92' lang='grc'><strong>22</strong></span> <span class='ocrx_word' id='word_1_38' title='bbox 1274 753 1348 805; x_wconf 81' lang='lat' dir='ltr'><strong>extr.</strong></span> <span class='ocrx_word' id='word_1_39' title='bbox 1363 751 1450 822; x_wconf 86' lang='lat' dir='ltr'><strong>quat-</strong></span> 
     </span>
     <span class='ocr_line' id='line_1_5' title="bbox 116 845 1449 928; baseline 0 -20"><span class='ocrx_word' id='word_1_40' title='bbox 116 846 269 909; x_wconf 89' lang='lat' dir='ltr'><strong>tuordecim</strong></span> <span class='ocrx_word' id='word_1_41' title='bbox 295 847 409 909; x_wconf 89' lang='lat' dir='ltr'><strong>litterae</strong></span> <span class='ocrx_word' id='word_1_42' title='bbox 429 845 604 916; x_wconf 80' lang='lat' dir='ltr'><strong>exciderint,</strong></span> <span class='ocrx_word' id='word_1_43' title='bbox 631 865 657 907; x_wconf 91' lang='grc'><strong>4.</strong></span> <span class='ocrx_word' id='word_1_44' title='bbox 680 846 721 908; x_wconf 85' lang='grc'><strong>23</strong></span> <span class='ocrx_word' id='word_1_45' title='bbox 743 846 901 928; x_wconf 85' lang='lat' dir='ltr'><strong>incipiente</strong></span> <span class='ocrx_word' id='word_1_46' title='bbox 922 845 1068 927; x_wconf 88' lang='lat' dir='ltr'><strong>quinque,</strong></span> <span class='ocrx_word' id='word_1_47' title='bbox 1095 847 1449 909; x_wconf 70' lang='grc'><strong>4544445445551441444</strong></span> 
     </span>
     <span class='ocr_line' id='line_1_6' title="bbox 113 948 1451 1030; baseline -0.001 -18"><span class='ocrx_word' id='word_1_48' title='bbox 113 951 202 1030; x_wconf 88' lang='lat' dir='ltr'><strong>paullo</strong></span> <span class='ocrx_word' id='word_1_49' title='bbox 223 949 338 1030; x_wconf 78' lang='lat' dir='ltr'><strong>longius</strong></span> <span class='ocrx_word' id='word_1_50' title='bbox 360 959 406 1011; x_wconf 91' lang='lat' dir='ltr'><strong>est</strong></span> <span class='ocrx_word' id='word_1_51' title='bbox 426 968 513 1030; x_wconf 89' lang='lat' dir='ltr'><strong>quam</strong></span> <span class='ocrx_word' id='word_1_52' title='bbox 536 950 711 1029; x_wconf 84' lang='lat' dir='ltr'><strong>requiritur,</strong></span> <span class='ocrx_word' id='word_1_53' title='bbox 734 949 891 1030; x_wconf 83' lang='lat' dir='ltr'><strong>debuitque</strong></span> <span class='ocrx_word' id='word_1_54' title='bbox 913 952 1036 1011; x_wconf 84' lang='lat' dir='ltr'><strong>fortasse</strong></span> <span class='ocrx_word' id='word_1_55' title='bbox 1058 948 1197 1010; x_wconf 90' lang='lat' dir='ltr'><strong>substitui</strong></span> <span class='ocrx_word' id='word_1_56' title='bbox 1219 949 1345 1013; x_wconf 85' lang='grc'><strong>4454444454.</strong></span> <span class='ocrx_word' id='word_1_57' title='bbox 1380 949 1451 1011; x_wconf 86' lang='lat' dir='ltr'><strong>Post</strong></span> 
     </span>
     <span class='ocr_line' id='line_1_7' title="bbox 104 1041 1449 1133; baseline 0 -19"><span class='ocrx_word' id='word_1_58' title='bbox 104 1041 253 1133; x_wconf 81' lang='grc'><strong>4444544544·</strong></span> <span class='ocrx_word' id='word_1_59' title='bbox 270 1052 429 1133; x_wconf 88' lang='lat' dir='ltr'><strong>quominus</strong></span> <span class='ocrx_word' id='word_1_60' title='bbox 451 1052 610 1132; x_wconf 82' lang='lat' dir='ltr'><strong>quidquam</strong></span> <span class='ocrx_word' id='word_1_61' title='bbox 633 1053 807 1128; x_wconf 87' lang='lat' dir='ltr'><strong>inseramus,</strong></span> <span class='ocrx_word' id='word_1_62' title='bbox 829 1052 858 1115; x_wconf 91' lang='lat' dir='ltr'><strong>id</strong></span> <span class='ocrx_word' id='word_1_63' title='bbox 880 1052 959 1132; x_wconf 93' lang='lat' dir='ltr'><strong>quod</strong></span> <span class='ocrx_word' id='word_1_64' title='bbox 982 1051 1091 1132; x_wconf 76' lang='lat' dir='ltr'><strong>placuit</strong></span> <span class='ocrx_word' id='word_1_65' title='bbox 1112 1051 1243 1131; x_wconf 83' lang='lat' dir='ltr'><strong>Berghio,</strong></span> <span class='ocrx_word' id='word_1_66' title='bbox 1267 1052 1330 1132; x_wconf 88' lang='lat' dir='ltr'><strong>ipsa</strong></span> <span class='ocrx_word' id='word_1_67' title='bbox 1352 1051 1449 1114; x_wconf 89' lang='lat' dir='ltr'><strong>tabula</strong></span> 
     </span>
     <span class='ocr_line' id='line_1_8' title="bbox 112 1155 554 1236; baseline 0 -20"><span class='ocrx_word' id='word_1_68' title='bbox 112 1155 229 1236; x_wconf 88' lang='lat' dir='ltr'><strong>impedit</strong></span> <span class='ocrx_word' id='word_1_69' title='bbox 250 1156 345 1236; x_wconf 87' lang='lat' dir='ltr'><strong>spatio</strong></span> <span class='ocrx_word' id='word_1_70' title='bbox 366 1155 408 1218; x_wconf 93' lang='lat' dir='ltr'><strong>ihi</strong></span> <span class='ocrx_word' id='word_1_71' title='bbox 429 1165 554 1218; x_wconf 83' lang='lat' dir='ltr'><strong>vacante.</strong></span> 
     </span>
    </p>

    <p class='ocr_par' dir='ltr' id='par_1_3' title="bbox 109 1257 1492 2162">
     <span class='ocr_line' id='line_1_9' title="bbox 205 1257 1453 1339; baseline -0.002 -18"><span class='ocrx_word' id='word_1_72' title='bbox 205 1260 348 1332; x_wconf 84' lang='lat' dir='ltr'><strong>Quotiens</strong></span> <span class='ocrx_word' id='word_1_73' title='bbox 369 1260 519 1338; x_wconf 82' lang='lat' dir='ltr'><strong>Augustus</strong></span> <span class='ocrx_word' id='word_1_74' title='bbox 544 1258 728 1339; x_wconf 89' lang='lat' dir='ltr'><strong>triumphum</strong></span> <span class='ocrx_word' id='word_1_75' title='bbox 755 1258 905 1321; x_wconf 88' lang='lat' dir='ltr'><strong>decretum</strong></span> <span class='ocrx_word' id='word_1_76' title='bbox 933 1257 1088 1332; x_wconf 87' lang='lat' dir='ltr'><strong>recusarit,</strong></span> <span class='ocrx_word' id='word_1_77' title='bbox 1115 1276 1209 1338; x_wconf 87' lang='lat' dir='ltr'><strong>neque</strong></span> <span class='ocrx_word' id='word_1_78' title='bbox 1236 1259 1297 1338; x_wconf 90' lang='lat' dir='ltr'><strong>ipse</strong></span> <span class='ocrx_word' id='word_1_79' title='bbox 1319 1258 1453 1320; x_wconf 86' lang='lat' dir='ltr'><strong>enuntiat</strong></span> 
     </span>
     <span class='ocr_line' id='line_1_10' title="bbox 111 1360 1450 1442; baseline 0 -20"><span class='ocrx_word' id='word_1_80' title='bbox 111 1380 203 1441; x_wconf 90' lang='lat' dir='ltr'><strong>neque</strong></span> <span class='ocrx_word' id='word_1_81' title='bbox 225 1362 295 1423; x_wconf 91' lang='lat' dir='ltr'><strong>satis</strong></span> <span class='ocrx_word' id='word_1_82' title='bbox 317 1372 460 1425; x_wconf 89' lang='lat' dir='ltr'><strong>auctores.</strong></span> <span class='ocrx_word' id='word_1_83' title='bbox 504 1361 658 1423; x_wconf 84' lang='lat' dir='ltr'><strong>Decretum</strong></span> <span class='ocrx_word' id='word_1_84' title='bbox 674 1379 699 1423; x_wconf 88' lang='lat' dir='ltr'><strong>a.</strong></span> <span class='ocrx_word' id='word_1_85' title='bbox 716 1360 787 1435; x_wconf 86' lang='grc'><strong>7244,</strong></span> <span class='ocrx_word' id='word_1_86' title='bbox 803 1381 862 1442; x_wconf 92' lang='lat' dir='ltr'><strong>quo</strong></span> <span class='ocrx_word' id='word_1_87' title='bbox 877 1361 1037 1424; x_wconf 81' lang='lat' dir='ltr'><strong>Cantabros</strong></span> <span class='ocrx_word' id='word_1_88' title='bbox 1051 1361 1114 1441; x_wconf 91' lang='lat' dir='ltr'><strong>ipse</strong></span> <span class='ocrx_word' id='word_1_89' title='bbox 1128 1361 1158 1422; x_wconf 91' lang='lat' dir='ltr'><strong>in</strong></span> <span class='ocrx_word' id='word_1_90' title='bbox 1174 1362 1316 1424; x_wconf 84' lang='lat' dir='ltr'><strong>dicionem</strong></span> <span class='ocrx_word' id='word_1_91' title='bbox 1331 1362 1450 1440; x_wconf 81' lang='lat' dir='ltr'><strong>redegit,</strong></span> 
     </span>
     <span class='ocr_line' id='line_1_11' title="bbox 112 1464 1453 1544; baseline 0.001 -19"><span class='ocrx_word' id='word_1_92' title='bbox 112 1465 198 1526; x_wconf 85' lang='grc'><strong>15445</strong></span> <span class='ocrx_word' id='word_1_93' title='bbox 220 1465 326 1527; x_wconf 88' lang='grc'><strong>4544544</strong></span> <span class='ocrx_word' id='word_1_94' title='bbox 348 1465 487 1539; x_wconf 85' lang='lat' dir='ltr'><strong>Salassos,</strong></span> <span class='ocrx_word' id='word_1_95' title='bbox 510 1464 547 1525; x_wconf 89' lang='lat' dir='ltr'><strong>ll.</strong></span> <span class='ocrx_word' id='word_1_96' title='bbox 563 1464 691 1526; x_wconf 84' lang='lat' dir='ltr'><strong>Vinicius</strong></span> <span class='ocrx_word' id='word_1_97' title='bbox 706 1466 865 1527; x_wconf 80' lang='grc'><strong>0544454454</strong></span> <span class='ocrx_word' id='word_1_98' title='bbox 888 1464 1020 1544; x_wconf 87' lang='grc'><strong>45454144,</strong></span> <span class='ocrx_word' id='word_1_99' title='bbox 1041 1465 1205 1544; x_wconf 75' lang='lat' dir='ltr'><strong>augustum</strong></span> <span class='ocrx_word' id='word_1_100' title='bbox 1228 1483 1288 1526; x_wconf 92' lang='lat' dir='ltr'><strong>non</strong></span> <span class='ocrx_word' id='word_1_101' title='bbox 1307 1465 1453 1544; x_wconf 88' lang='lat' dir='ltr'><strong>accepisse</strong></span> 
     </span>
     <span class='ocr_line' id='line_1_12' title="bbox 112 1565 1492 1649; baseline -0.001 -19"><span class='ocrx_word' id='word_1_102' title='bbox 112 1587 195 1648; x_wconf 87' lang='lat' dir='ltr'><strong>supra</strong></span> <span class='ocrx_word' id='word_1_103' title='bbox 217 1588 246 1649; x_wconf 91' lang='lat' dir='ltr'><strong>p.</strong></span> <span class='ocrx_word' id='word_1_104' title='bbox 265 1568 304 1630; x_wconf 92' lang='grc'><strong>12</strong></span> <span class='ocrx_word' id='word_1_105' title='bbox 326 1569 462 1631; x_wconf 86' lang='lat' dir='ltr'><strong>vidimus.</strong></span> <span class='ocrx_word' id='word_1_106' title='bbox 493 1567 601 1629; x_wconf 88' lang='lat' dir='ltr'><strong>Deinde</strong></span> <span class='ocrx_word' id='word_1_107' title='bbox 622 1567 739 1628; x_wconf 92' lang='lat' dir='ltr'><strong>nummi</strong></span> <span class='ocrx_word' id='word_1_108' title='bbox 753 1567 816 1629; x_wconf 91' lang='lat' dir='ltr'><strong>cusi</strong></span> <span class='ocrx_word' id='word_1_109' title='bbox 830 1577 951 1648; x_wconf 91' lang='lat' dir='ltr'><strong>propter</strong></span> <span class='ocrx_word' id='word_1_110' title='bbox 965 1567 1047 1646; x_wconf 81' lang='lat' dir='ltr'><strong>signa</strong></span> <span class='ocrx_word' id='word_1_111' title='bbox 1061 1587 1086 1627; x_wconf 90' lang='lat' dir='ltr'><strong>a.</strong></span> <span class='ocrx_word' id='word_1_112' title='bbox 1104 1567 1165 1628; x_wconf 88' lang='grc'><strong>734</strong></span> <span class='ocrx_word' id='word_1_113' title='bbox 1179 1587 1195 1628; x_wconf 90' lang='grc'><strong>5</strong></span> <span class='ocrx_word' id='word_1_114' title='bbox 1210 1567 1325 1630; x_wconf 88' lang='lat' dir='ltr'><strong>Parthis</strong></span> <span class='ocrx_word' id='word_1_115' title='bbox 1339 1577 1453 1647; x_wconf 90' lang='lat' dir='ltr'><strong>recepta</strong></span> <span class='ocrx_word' id='word_1_116' title='bbox 1491 1565 1492 1570; x_wconf 69' lang='grc'>’</span> 
     </span>
     <span class='ocr_line' id='line_1_13' title="bbox 111 1669 1454 1751; baseline 0 -19"><span class='ocrx_word' id='word_1_117' title='bbox 111 1690 175 1732; x_wconf 91' lang='lat' dir='ltr'><strong>cum</strong></span> <span class='ocrx_word' id='word_1_118' title='bbox 198 1671 364 1751; x_wconf 76' lang='lat' dir='ltr'><strong>Augustum</strong></span> <span class='ocrx_word' id='word_1_119' title='bbox 386 1669 541 1732; x_wconf 81' lang='lat' dir='ltr'><strong>exhibeant</strong></span> <span class='ocrx_word' id='word_1_120' title='bbox 562 1670 782 1750; x_wconf 88' lang='lat' dir='ltr'><strong>elephantorum</strong></span> <span class='ocrx_word' id='word_1_121' title='bbox 805 1670 879 1750; x_wconf 82' lang='lat' dir='ltr'><strong>bigis</strong></span> <span class='ocrx_word' id='word_1_122' title='bbox 903 1671 1141 1750; x_wconf 87' lang='lat' dir='ltr'><strong>triumphantem,</strong></span> <span class='ocrx_word' id='word_1_123' title='bbox 1164 1669 1236 1739; x_wconf 50' lang='lat' dir='ltr'><strong>inde¹</strong></span> <span class='ocrx_word' id='word_1_124' title='bbox 1254 1678 1315 1731; x_wconf 92' lang='lat' dir='ltr'><strong>tum</strong></span> <span class='ocrx_word' id='word_1_125' title='bbox 1337 1689 1454 1750; x_wconf 90' lang='lat' dir='ltr'><strong>quoque</strong></span> 
     </span>
     <span class='ocr_line' id='line_1_14' title="bbox 111 1771 1454 1854; baseline -0.002 -18"><span class='ocrx_word' id='word_1_126' title='bbox 111 1774 294 1854; x_wconf 90' lang='lat' dir='ltr'><strong>triumphum</strong></span> <span class='ocrx_word' id='word_1_127' title='bbox 321 1773 349 1834; x_wconf 93' lang='lat' dir='ltr'><strong>ei</strong></span> <span class='ocrx_word' id='word_1_128' title='bbox 375 1772 524 1834; x_wconf 88' lang='lat' dir='ltr'><strong>decretum</strong></span> <span class='ocrx_word' id='word_1_129' title='bbox 548 1791 612 1834; x_wconf 90' lang='lat' dir='ltr'><strong>esse</strong></span> <span class='ocrx_word' id='word_1_130' title='bbox 633 1783 712 1834; x_wconf 90' lang='lat' dir='ltr'><strong>recte</strong></span> <span class='ocrx_word' id='word_1_131' title='bbox 733 1773 829 1835; x_wconf 88' lang='lat' dir='ltr'><strong>effecit</strong></span> <span class='ocrx_word' id='word_1_132' title='bbox 850 1773 1026 1853; x_wconf 79' lang='lat' dir='ltr'><strong>Borghesius</strong></span> <span class='ocrx_word' id='word_1_133' title='bbox 1047 1771 1338 1854; x_wconf 81' lang='grc'><strong>(544.2,100444.);</strong></span> <span class='ocrx_word' id='word_1_134' title='bbox 1368 1781 1397 1834; x_wconf 92' lang='grc'><strong>54</strong></span> <span class='ocrx_word' id='word_1_135' title='bbox 1419 1793 1454 1833; x_wconf 84' lang='lat' dir='ltr'><strong>ex</strong></span> 
     </span>
     <span class='ocr_line' id='line_1_15' title="bbox 110 1874 1453 1955; baseline -0.001 -17"><span class='ocrx_word' id='word_1_136' title='bbox 110 1896 143 1938; x_wconf 92' lang='grc' dir='ltr'><strong>5ο</strong></span> <span class='ocrx_word' id='word_1_137' title='bbox 164 1878 283 1940; x_wconf 88' lang='grc'><strong>4554545</strong></span> <span class='ocrx_word' id='word_1_138' title='bbox 305 1885 407 1938; x_wconf 89' lang='lat' dir='ltr'><strong>natum</strong></span> <span class='ocrx_word' id='word_1_139' title='bbox 430 1884 483 1949; x_wconf 89' lang='lat' dir='ltr'><strong>est,</strong></span> <span class='ocrx_word' id='word_1_140' title='bbox 506 1874 585 1955; x_wconf 91' lang='lat' dir='ltr'><strong>quod</strong></span> <span class='ocrx_word' id='word_1_141' title='bbox 607 1874 659 1937; x_wconf 90' lang='lat' dir='ltr'><strong>Dio</strong></span> <span class='ocrx_word' id='word_1_142' title='bbox 675 1877 737 1950; x_wconf 86' lang='grc'><strong>454,</strong></span> <span class='ocrx_word' id='word_1_143' title='bbox 753 1876 787 1955; x_wconf 87' lang='lat'><strong>8)</strong></span> <span class='ocrx_word' id='word_1_144' title='bbox 801 1877 837 1938; x_wconf 94' lang='lat' dir='ltr'><strong>ad</strong></span> <span class='ocrx_word' id='word_1_145' title='bbox 859 1896 884 1937; x_wconf 90' lang='lat' dir='ltr'><strong>a.</strong></span> <span class='ocrx_word' id='word_1_146' title='bbox 901 1876 963 1938; x_wconf 90' lang='grc'><strong>734</strong></span> <span class='ocrx_word' id='word_1_147' title='bbox 978 1879 1067 1938; x_wconf 78' lang='lat' dir='ltr'><strong>refert</strong></span> <span class='ocrx_word' id='word_1_148' title='bbox 1080 1877 1244 1955; x_wconf 80' lang='lat' dir='ltr'><strong>Augustum</strong></span> <span class='ocrx_word' id='word_1_149' title='bbox 1268 1884 1401 1938; x_wconf 88' lang='grc'><strong>54544544</strong></span> <span class='ocrx_word' id='word_1_150' title='bbox 1423 1877 1453 1937; x_wconf 90' lang='grc'><strong>44</strong></span> 
     </span>
     <span class='ocr_line' id='line_1_16' title="bbox 110 1978 1456 2059; baseline -0.001 -18"><span class='ocrx_word' id='word_1_151' title='bbox 110 1981 213 2042; x_wconf 91' lang='lat' dir='ltr'><strong>urbem</strong></span> <span class='ocrx_word' id='word_1_152' title='bbox 240 1981 388 2043; x_wconf 89' lang='lat' dir='ltr'><strong>introiisse</strong></span> <span class='ocrx_word' id='word_1_153' title='bbox 414 1999 513 2041; x_wconf 90' lang='lat' dir='ltr'><strong>errore</strong></span> <span class='ocrx_word' id='word_1_154' title='bbox 539 1987 639 2059; x_wconf 89' lang='lat' dir='ltr'><strong>aperto</strong></span> <span class='ocrx_word' id='word_1_155' title='bbox 662 1979 702 2057; x_wconf 91' lang='grc'><strong>(4.</strong></span> <span class='ocrx_word' id='word_1_156' title='bbox 723 1979 760 2040; x_wconf 89' lang='grc'><strong>54</strong></span> <span class='ocrx_word' id='word_1_157' title='bbox 783 1980 810 2053; x_wconf 91' lang='grc'><strong>4,</strong></span> <span class='ocrx_word' id='word_1_158' title='bbox 826 1978 890 2058; x_wconf 89' lang='grc'>21).</span> <span class='ocrx_word' id='word_1_159' title='bbox 939 1979 1070 2040; x_wconf 85' lang='grc'><strong>’15444444</strong></span> <span class='ocrx_word' id='word_1_160' title='bbox 1101 1979 1283 2058; x_wconf 90' lang='lat' dir='ltr'><strong>triumphum</strong></span> <span class='ocrx_word' id='word_1_161' title='bbox 1311 1980 1456 2041; x_wconf 87' lang='lat' dir='ltr'><strong>recusavit</strong></span> 
     </span>
     <span class='ocr_line' id='line_1_17' title="bbox 109 2080 1455 2162; baseline -0.001 -18"><span class='ocrx_word' id='word_1_162' title='bbox 109 2083 257 2162; x_wconf 75' lang='lat' dir='ltr'><strong>Augustus</strong></span> <span class='ocrx_word' id='word_1_163' title='bbox 283 2102 309 2144; x_wconf 91' lang='lat' dir='ltr'><strong>a.</strong></span> <span class='ocrx_word' id='word_1_164' title='bbox 331 2083 393 2146; x_wconf 93' lang='grc'><strong>746</strong></span> <span class='ocrx_word' id='word_1_165' title='bbox 419 2091 488 2162; x_wconf 88' lang='grc'><strong>4544</strong></span> <span class='ocrx_word' id='word_1_166' title='bbox 507 2081 657 2143; x_wconf 79' lang='lat' dir='ltr'><strong>victoriam</strong></span> <span class='ocrx_word' id='word_1_167' title='bbox 682 2081 885 2144; x_wconf 89' lang='lat' dir='ltr'><strong>Germanicam</strong></span> <span class='ocrx_word' id='word_1_168' title='bbox 907 2081 1018 2142; x_wconf 86' lang='grc'><strong>’14145444</strong></span> <span class='ocrx_word' id='word_1_169' title='bbox 1040 2081 1104 2156; x_wconf 70' lang='lat' dir='ltr'><strong>[Dio</strong></span> <span class='ocrx_word' id='word_1_170' title='bbox 1127 2082 1176 2155; x_wconf 84' lang='lat'><strong>55,</strong></span> <span class='ocrx_word' id='word_1_171' title='bbox 1192 2081 1232 2160; x_wconf 88' lang='lat'><strong>6).</strong></span> <span class='ocrx_word' id='word_1_172' title='bbox 1278 2080 1455 2143; x_wconf 90' lang='lat' dir='ltr'><strong>Numidam</strong></span> 
     </span>
    </p>
   </div>
   <div class='ocr_carea' id='block_1_3' title="bbox 110 2181 1549 2266">
    <p class='ocr_par' dir='ltr' id='par_1_4' title="bbox 110 2181 1549 2266">
     <span class='ocr_line' id='line_1_18' title="bbox 110 2181 1549 2266; baseline 0.001 -20"><span class='ocrx_word' id='word_1_173' title='bbox 110 2186 211 2248; x_wconf 87' lang='lat' dir='ltr'><strong>fecerit</strong></span> <span class='ocrx_word' id='word_1_174' title='bbox 237 2194 305 2266; x_wconf 92' lang='lat' dir='ltr'><strong>post</strong></span> <span class='ocrx_word' id='word_1_175' title='bbox 331 2185 461 2247; x_wconf 88' lang='lat' dir='ltr'><strong>eiusdem</strong></span> <span class='ocrx_word' id='word_1_176' title='bbox 490 2184 639 2246; x_wconf 83' lang='lat' dir='ltr'><strong>victoriam</strong></span> <span class='ocrx_word' id='word_1_177' title='bbox 662 2184 859 2246; x_wconf 86' lang='lat' dir='ltr'><strong>Pannonicum</strong></span> <span class='ocrx_word' id='word_1_178' title='bbox 882 2203 908 2246; x_wconf 90' lang='lat' dir='ltr'><strong>a.</strong></span> <span class='ocrx_word' id='word_1_179' title='bbox 930 2184 990 2247; x_wconf 89' lang='grc'><strong>763</strong></span> <span class='ocrx_word' id='word_1_180' title='bbox 1014 2184 1079 2264; x_wconf 88' lang='grc'><strong>(1445</strong></span> <span class='ocrx_word' id='word_1_181' title='bbox 1102 2184 1230 2262; x_wconf 86' lang='grc'><strong>56,17),</strong></span> <span class='ocrx_word' id='word_1_182' title='bbox 1253 2184 1374 2247; x_wconf 86' lang='grc'><strong>44144444</strong></span> <span class='ocrx_word' id='word_1_183' title='bbox 1398 2194 1455 2260; x_wconf 74' lang='grc'><strong>5444</strong></span> <span class='ocrx_word' id='word_1_184' title='bbox 1537 2181 1549 2193; x_wconf 79' lang='grc'><em>’</em></span> 
     </span>
    </p>
   </div>
   <div class='ocr_carea' id='block_1_4' title="bbox 109 2286 1459 2986">
    <p class='ocr_par' dir='ltr' id='par_1_5' title="bbox 109 2286 1458 2677">
     <span class='ocr_line' id='line_1_19' title="bbox 109 2286 1456 2367; baseline 0 -19"><span class='ocrx_word' id='word_1_185' title='bbox 109 2307 176 2349; x_wconf 89' lang='lat' dir='ltr'><strong>nam</strong></span> <span class='ocrx_word' id='word_1_186' title='bbox 207 2307 275 2350; x_wconf 93' lang='lat' dir='ltr'><strong>cum</strong></span> <span class='ocrx_word' id='word_1_187' title='bbox 303 2288 356 2350; x_wconf 91' lang='lat' dir='ltr'><strong>Dio</strong></span> <span class='ocrx_word' id='word_1_188' title='bbox 383 2287 490 2349; x_wconf 89' lang='lat' dir='ltr'><strong>scribat</strong></span> <span class='ocrx_word' id='word_1_189' title='bbox 513 2287 695 2367; x_wconf 90' lang='lat' dir='ltr'><strong>triumphum</strong></span> <span class='ocrx_word' id='word_1_190' title='bbox 718 2288 881 2350; x_wconf 91' lang='lat' dir='ltr'><strong>admissum</strong></span> <span class='ocrx_word' id='word_1_191' title='bbox 904 2306 981 2361; x_wconf 90' lang='lat' dir='ltr'><strong>esse,</strong></span> <span class='ocrx_word' id='word_1_192' title='bbox 1008 2286 1195 2367; x_wconf 81' lang='lat' dir='ltr'><strong>cogitandum</strong></span> <span class='ocrx_word' id='word_1_193' title='bbox 1217 2287 1314 2367; x_wconf 88' lang='lat' dir='ltr'><strong>potius</strong></span> <span class='ocrx_word' id='word_1_194' title='bbox 1337 2288 1372 2348; x_wconf 94' lang='lat' dir='ltr'><strong>de</strong></span> <span class='ocrx_word' id='word_1_195' title='bbox 1394 2287 1456 2349; x_wconf 89' lang='lat' dir='ltr'><strong>solo</strong></span> 
     </span>
     <span class='ocr_line' id='line_1_20' title="bbox 110 2391 1457 2472; baseline 0 -21"><span class='ocrx_word' id='word_1_196' title='bbox 110 2391 219 2453; x_wconf 84' lang='lat' dir='ltr'><strong>Tiberii</strong></span> <span class='ocrx_word' id='word_1_197' title='bbox 249 2391 399 2472; x_wconf 90' lang='lat' dir='ltr'><strong>triumpho</strong></span> <span class='ocrx_word' id='word_1_198' title='bbox 427 2399 489 2451; x_wconf 91' lang='lat' dir='ltr'><strong>tum</strong></span> <span class='ocrx_word' id='word_1_199' title='bbox 519 2391 652 2465; x_wconf 89' lang='lat' dir='ltr'><strong>decreto,</strong></span> <span class='ocrx_word' id='word_1_200' title='bbox 680 2399 745 2452; x_wconf 91' lang='grc'><strong>5545</strong></span> <span class='ocrx_word' id='word_1_201' title='bbox 770 2400 869 2452; x_wconf 89' lang='lat' dir='ltr'><strong>autem</strong></span> <span class='ocrx_word' id='word_1_202' title='bbox 892 2410 917 2452; x_wconf 92' lang='grc'><strong>5.</strong></span> <span class='ocrx_word' id='word_1_203' title='bbox 941 2391 1059 2452; x_wconf 90' lang='lat' dir='ltr'><strong>demum</strong></span> <span class='ocrx_word' id='word_1_204' title='bbox 1084 2391 1159 2464; x_wconf 91' lang='grc'><strong>765,</strong></span> <span class='ocrx_word' id='word_1_205' title='bbox 1186 2399 1221 2451; x_wconf 88' lang='grc'><strong>44</strong></span> <span class='ocrx_word' id='word_1_206' title='bbox 1241 2408 1335 2470; x_wconf 91' lang='lat' dir='ltr'><strong>nuper</strong></span> <span class='ocrx_word' id='word_1_207' title='bbox 1357 2401 1457 2452; x_wconf 90' lang='lat' dir='ltr'><strong>contra</strong></span> 
     </span>
     <span class='ocr_line' id='line_1_21' title="bbox 109 2492 1458 2575; baseline -0.001 -20"><span class='ocrx_word' id='word_1_208' title='bbox 109 2495 279 2575; x_wconf 91' lang='lat' dir='ltr'><strong>opinionem</strong></span> <span class='ocrx_word' id='word_1_209' title='bbox 302 2495 387 2572; x_wconf 80' lang='lat' dir='ltr'><strong>vulgo</strong></span> <span class='ocrx_word' id='word_1_210' title='bbox 408 2502 565 2574; x_wconf 88' lang='lat' dir='ltr'><strong>receptam,</strong></span> <span class='ocrx_word' id='word_1_211' title='bbox 588 2512 751 2572; x_wconf 86' lang='lat' dir='ltr'><strong>quaecum</strong></span> <span class='ocrx_word' id='word_1_212' title='bbox 774 2492 913 2555; x_wconf 90' lang='lat' dir='ltr'><strong>adscribit</strong></span> <span class='ocrx_word' id='word_1_213' title='bbox 934 2511 1011 2554; x_wconf 88' lang='lat' dir='ltr'><strong>anno</strong></span> <span class='ocrx_word' id='word_1_214' title='bbox 1034 2494 1225 2574; x_wconf 88' lang='lat' dir='ltr'><strong>praecedenti,</strong></span> <span class='ocrx_word' id='word_1_215' title='bbox 1248 2493 1458 2555; x_wconf 88' lang='lat' dir='ltr'><strong>demonstrarit</strong></span> 
     </span>
     <span class='ocr_line' id='line_1_22' title="bbox 109 2595 1457 2677; baseline 0 -21"><span class='ocrx_word' id='word_1_216' title='bbox 109 2596 298 2658; x_wconf 77' lang='lat' dir='ltr'><strong>dermannus</strong></span> <span class='ocrx_word' id='word_1_217' title='bbox 314 2596 420 2658; x_wconf 88' lang='lat' dir='ltr'><strong>Schulz</strong></span> <span class='ocrx_word' id='word_1_218' title='bbox 441 2597 472 2657; x_wconf 93' lang='lat' dir='ltr'><strong>in</strong></span> <span class='ocrx_word' id='word_1_219' title='bbox 494 2596 714 2676; x_wconf 89' lang='lat' dir='ltr'><strong>quaestionibus</strong></span> <span class='ocrx_word' id='word_1_220' title='bbox 730 2597 878 2658; x_wconf 84' lang='lat' dir='ltr'><strong>Ovidianis</strong></span> <span class='ocrx_word' id='word_1_221' title='bbox 901 2596 1159 2677; x_wconf 84' lang='lat' dir='ltr'><strong>(Gryphiswaldiae</strong></span> <span class='ocrx_word' id='word_1_222' title='bbox 1183 2595 1278 2676; x_wconf 82' lang='lat'>1883)</span> <span class='ocrx_word' id='word_1_223' title='bbox 1299 2615 1327 2677; x_wconf 90' lang='grc'><strong>4.</strong></span> <span class='ocrx_word' id='word_1_224' title='bbox 1345 2597 1383 2656; x_wconf 89' lang='grc'><strong>15</strong></span> <span class='ocrx_word' id='word_1_225' title='bbox 1395 2615 1457 2675; x_wconf 88' lang='lat' dir='ltr'><strong>seq.</strong></span> 
     </span>
    </p>

    <p class='ocr_par' dir='ltr' id='par_1_6' title="bbox 110 2697 1459 2986">
     <span class='ocr_line' id='line_1_23' title="bbox 210 2697 1456 2780; baseline -0.001 -20"><span class='ocrx_word' id='word_1_226' title='bbox 210 2699 352 2760; x_wconf 86' lang='lat' dir='ltr'><strong>Votorum</strong></span> <span class='ocrx_word' id='word_1_227' title='bbox 375 2697 483 2760; x_wconf 90' lang='grc'><strong>4514445</strong></span> <span class='ocrx_word' id='word_1_228' title='bbox 503 2699 685 2779; x_wconf 80' lang='lat' dir='ltr'><strong>fasciumque</strong></span> <span class='ocrx_word' id='word_1_229' title='bbox 707 2701 738 2761; x_wconf 94' lang='lat' dir='ltr'><strong>in</strong></span> <span class='ocrx_word' id='word_1_230' title='bbox 753 2700 895 2780; x_wconf 90' lang='grc'><strong>654445445</strong></span> <span class='ocrx_word' id='word_1_231' title='bbox 910 2699 1052 2780; x_wconf 89' lang='lat' dir='ltr'><strong>depositio</strong></span> <span class='ocrx_word' id='word_1_232' title='bbox 1067 2707 1128 2762; x_wconf 91' lang='grc'><strong>5445</strong></span> <span class='ocrx_word' id='word_1_233' title='bbox 1143 2699 1314 2761; x_wconf 85' lang='grc'><strong>5544445445</strong></span> <span class='ocrx_word' id='word_1_234' title='bbox 1329 2701 1456 2761; x_wconf 87' lang='grc'><strong>4454444.</strong></span> 
     </span>
     <span class='ocr_line' id='line_1_24' title="bbox 110 2801 1458 2884; baseline 0 -22"><span class='ocrx_word' id='word_1_235' title='bbox 110 2801 256 2863; x_wconf 89' lang='lat' dir='ltr'><strong>Nimirum</strong></span> <span class='ocrx_word' id='word_1_236' title='bbox 283 2809 377 2862; x_wconf 88' lang='lat' dir='ltr'><strong>aetate</strong></span> <span class='ocrx_word' id='word_1_237' title='bbox 402 2801 509 2863; x_wconf 89' lang='lat' dir='ltr'><strong>liberae</strong></span> <span class='ocrx_word' id='word_1_238' title='bbox 534 2802 578 2862; x_wconf 91' lang='lat' dir='ltr'><strong>rei</strong></span> <span class='ocrx_word' id='word_1_239' title='bbox 603 2801 736 2882; x_wconf 90' lang='lat' dir='ltr'><strong>publicae</strong></span> <span class='ocrx_word' id='word_1_240' title='bbox 762 2803 864 2865; x_wconf 92' lang='lat' dir='ltr'><strong>consul</strong></span> <span class='ocrx_word' id='word_1_241' title='bbox 890 2811 1041 2884; x_wconf 90' lang='grc'><strong>445545445</strong></span> <span class='ocrx_word' id='word_1_242' title='bbox 1062 2821 1121 2882; x_wconf 90' lang='lat' dir='ltr'><strong>quo</strong></span> <span class='ocrx_word' id='word_1_243' title='bbox 1143 2801 1190 2863; x_wconf 90' lang='lat' dir='ltr'><strong>die</strong></span> <span class='ocrx_word' id='word_1_244' title='bbox 1212 2801 1247 2863; x_wconf 90' lang='lat' dir='ltr'><strong>ad</strong></span> <span class='ocrx_word' id='word_1_245' title='bbox 1269 2820 1331 2863; x_wconf 89' lang='grc'><strong>4544</strong></span> <span class='ocrx_word' id='word_1_246' title='bbox 1353 2821 1458 2881; x_wconf 81' lang='lat' dir='ltr'><strong>geren-</strong></span> 
     </span>
     <span class='ocr_line' id='line_1_25' title="bbox 110 2903 1459 2986; baseline 0 -20"><span class='ocrx_word' id='word_1_247' title='bbox 110 2905 176 2966; x_wconf 93' lang='lat' dir='ltr'><strong>dam</strong></span> <span class='ocrx_word' id='word_1_248' title='bbox 202 2905 306 2976; x_wconf 81' lang='lat' dir='ltr'><strong>exibat,</strong></span> <span class='ocrx_word' id='word_1_249' title='bbox 329 2922 415 2966; x_wconf 92' lang='lat' dir='ltr'><strong>mane</strong></span> <span class='ocrx_word' id='word_1_250' title='bbox 436 2904 467 2965; x_wconf 92' lang='lat' dir='ltr'><strong>in</strong></span> <span class='ocrx_word' id='word_1_251' title='bbox 489 2903 630 2985; x_wconf 89' lang='grc'><strong>654445445</strong></span> <span class='ocrx_word' id='word_1_252' title='bbox 651 2915 717 2966; x_wconf 85' lang='grc'><strong>4545</strong></span> <span class='ocrx_word' id='word_1_253' title='bbox 737 2907 935 2986; x_wconf 89' lang='lat' dir='ltr'><strong>nuncupabat,</strong></span> <span class='ocrx_word' id='word_1_254' title='bbox 959 2924 1027 2967; x_wconf 82' lang='lat' dir='ltr'><strong>mox</strong></span> <span class='ocrx_word' id='word_1_255' title='bbox 1048 2906 1084 2966; x_wconf 93' lang='lat' dir='ltr'><strong>ad</strong></span> <span class='ocrx_word' id='word_1_256' title='bbox 1105 2913 1219 2985; x_wconf 92' lang='lat' dir='ltr'><strong>portam</strong></span> <span class='ocrx_word' id='word_1_257' title='bbox 1243 2913 1361 2985; x_wconf 88' lang='grc'><strong>44444445</strong></span> <span class='ocrx_word' id='word_1_258' title='bbox 1375 2905 1459 2984; x_wconf 88' lang='lat' dir='ltr'><strong>palu-</strong></span> 
     </span>
    </p>
   </div>
   <div class='ocr_carea' id='block_1_5' title="bbox 110 3002 1460 3606">
    <p class='ocr_par' dir='ltr' id='par_1_7' title="bbox 110 3002 1460 3606">
     <span class='ocr_line' id='line_1_26' title="bbox 111 3002 1459 3088; baseline 0 -18"><span class='ocrx_word' id='word_1_259' title='bbox 111 3009 252 3070; x_wconf 87' lang='lat' dir='ltr'><strong>damento</strong></span> <span class='ocrx_word' id='word_1_260' title='bbox 273 3002 458 3087; x_wconf 78' lang='lat' dir='ltr'><strong>sumptisque</strong></span> <span class='ocrx_word' id='word_1_261' title='bbox 479 3007 607 3070; x_wconf 80' lang='lat' dir='ltr'><strong>fascibus</strong></span> <span class='ocrx_word' id='word_1_262' title='bbox 628 3009 673 3069; x_wconf 87' lang='grc'><strong>454</strong></span> <span class='ocrx_word' id='word_1_263' title='bbox 693 3017 771 3070; x_wconf 89' lang='lat' dir='ltr'><strong>certe</strong></span> <span class='ocrx_word' id='word_1_264' title='bbox 793 3009 945 3071; x_wconf 89' lang='lat' dir='ltr'><strong>securibus</strong></span> <span class='ocrx_word' id='word_1_265' title='bbox 964 3009 1020 3070; x_wconf 87' lang='lat' dir='ltr'><strong>iter</strong></span> <span class='ocrx_word' id='word_1_266' title='bbox 1033 3007 1267 3088; x_wconf 79' lang='lat' dir='ltr'><strong>ingrediebatur3</strong></span> <span class='ocrx_word' id='word_1_267' title='bbox 1290 3009 1340 3070; x_wconf 93' lang='lat' dir='ltr'><strong>ubi</strong></span> <span class='ocrx_word' id='word_1_268' title='bbox 1354 3007 1459 3071; x_wconf 90' lang='lat' dir='ltr'><strong>deinde</strong></span> 
     </span>
     <span class='ocr_line' id='line_1_27' title="bbox 110 3111 1457 3192; baseline 0.001 -20"><span class='ocrx_word' id='word_1_269' title='bbox 110 3111 137 3172; x_wconf 92' lang='lat' dir='ltr'><strong>ei</strong></span> <span class='ocrx_word' id='word_1_270' title='bbox 165 3121 363 3183; x_wconf 87' lang='lat' dir='ltr'><strong>successerat,</strong></span> <span class='ocrx_word' id='word_1_271' title='bbox 390 3119 425 3172; x_wconf 92' lang='lat' dir='ltr'><strong>ut</strong></span> <span class='ocrx_word' id='word_1_272' title='bbox 449 3129 482 3172; x_wconf 90' lang='grc'><strong>45</strong></span> <span class='ocrx_word' id='word_1_273' title='bbox 509 3111 583 3172; x_wconf 87' lang='lat' dir='ltr'><strong>bena</strong></span> <span class='ocrx_word' id='word_1_274' title='bbox 609 3119 690 3190; x_wconf 80' lang='lat' dir='ltr'><strong>gesta</strong></span> <span class='ocrx_word' id='word_1_275' title='bbox 717 3112 875 3192; x_wconf 89' lang='lat' dir='ltr'><strong>imperator</strong></span> <span class='ocrx_word' id='word_1_276' title='bbox 902 3113 1077 3175; x_wconf 88' lang='lat' dir='ltr'><strong>acclamatus</strong></span> <span class='ocrx_word' id='word_1_277' title='bbox 1103 3112 1186 3174; x_wconf 91' lang='lat' dir='ltr'><strong>lauro</strong></span> <span class='ocrx_word' id='word_1_278' title='bbox 1212 3114 1303 3173; x_wconf 91' lang='lat' dir='ltr'><strong>fasces</strong></span> <span class='ocrx_word' id='word_1_279' title='bbox 1331 3121 1457 3186; x_wconf 89' lang='lat' dir='ltr'><strong>ornaret,</strong></span> 
     </span>
     <span class='ocr_line' id='line_1_28' title="bbox 110 3209 1458 3294; baseline 0.001 -20"><span class='ocrx_word' id='word_1_280' title='bbox 110 3213 281 3294; x_wconf 81' lang='lat' dir='ltr'><strong>regrediens</strong></span> <span class='ocrx_word' id='word_1_281' title='bbox 302 3213 334 3275; x_wconf 90' lang='lat' dir='ltr'><strong>iu</strong></span> <span class='ocrx_word' id='word_1_282' title='bbox 361 3213 463 3275; x_wconf 91' lang='lat' dir='ltr'><strong>urbem</strong></span> <span class='ocrx_word' id='word_1_283' title='bbox 491 3213 523 3275; x_wconf 92' lang='lat' dir='ltr'><strong>in</strong></span> <span class='ocrx_word' id='word_1_284' title='bbox 548 3209 690 3293; x_wconf 83' lang='grc'><strong>4154445145</strong></span> <span class='ocrx_word' id='word_1_285' title='bbox 718 3224 748 3276; x_wconf 90' lang='grc'><strong>54</strong></span> <span class='ocrx_word' id='word_1_286' title='bbox 774 3223 841 3277; x_wconf 87' lang='lat' dir='ltr'><strong>vota</strong></span> <span class='ocrx_word' id='word_1_287' title='bbox 868 3215 915 3277; x_wconf 91' lang='grc'><strong>4145</strong></span> <span class='ocrx_word' id='word_1_288' title='bbox 941 3214 1070 3278; x_wconf 79' lang='lat' dir='ltr'><strong>solvebat</strong></span> <span class='ocrx_word' id='word_1_289' title='bbox 1095 3223 1126 3276; x_wconf 92' lang='lat' dir='ltr'><strong>et</strong></span> <span class='ocrx_word' id='word_1_290' title='bbox 1146 3215 1261 3276; x_wconf 89' lang='lat' dir='ltr'><strong>laurum</strong></span> <span class='ocrx_word' id='word_1_291' title='bbox 1283 3215 1405 3277; x_wconf 90' lang='lat' dir='ltr'><strong>fascium</strong></span> <span class='ocrx_word' id='word_1_292' title='bbox 1428 3215 1458 3276; x_wconf 93' lang='lat' dir='ltr'><strong>in</strong></span> 
     </span>
     <span class='ocr_line' id='line_1_29' title="bbox 110 3315 1460 3398; baseline 0.001 -20"><span class='ocrx_word' id='word_1_293' title='bbox 110 3316 225 3396; x_wconf 74' lang='grc'><strong>4454445</strong></span> <span class='ocrx_word' id='word_1_294' title='bbox 246 3315 321 3378; x_wconf 86' lang='lat' dir='ltr'><strong>loris</strong></span> <span class='ocrx_word' id='word_1_295' title='bbox 343 3316 447 3396; x_wconf 93' lang='lat' dir='ltr'><strong>optimi</strong></span> <span class='ocrx_word' id='word_1_296' title='bbox 470 3317 589 3378; x_wconf 81' lang='lat' dir='ltr'><strong>maximi</strong></span> <span class='ocrx_word' id='word_1_297' title='bbox 611 3316 764 3398; x_wconf 86' lang='grc'><strong>6444454444</strong></span> <span class='ocrx_word' id='word_1_298' title='bbox 785 3317 920 3397; x_wconf 87' lang='lat' dir='ltr'><strong>ponebat.</strong></span> <span class='ocrx_word' id='word_1_299' title='bbox 967 3317 1073 3380; x_wconf 79' lang='lat' dir='ltr'><strong>Consul</strong></span> <span class='ocrx_word' id='word_1_300' title='bbox 1090 3319 1276 3398; x_wconf 79' lang='lat' dir='ltr'><strong>proficiscens,</strong></span> <span class='ocrx_word' id='word_1_301' title='bbox 1300 3317 1398 3380; x_wconf 88' lang='lat' dir='ltr'><strong>Livius</strong></span> <span class='ocrx_word' id='word_1_302' title='bbox 1420 3318 1460 3380; x_wconf 89' lang='lat' dir='ltr'><strong>ait</strong></span> 
     </span>
     <span class='ocr_line' id='line_1_30' title="bbox 110 3418 1458 3502; baseline 0.004 -23"><span class='ocrx_word' id='word_1_303' title='bbox 110 3419 161 3494; x_wconf 93' lang='grc'><strong>45,</strong></span> <span class='ocrx_word' id='word_1_304' title='bbox 178 3418 232 3491; x_wconf 86' lang='grc'><strong>30,</strong></span> <span class='ocrx_word' id='word_1_305' title='bbox 250 3419 299 3492; x_wconf 90' lang='grc'><strong>11,</strong></span> <span class='ocrx_word' id='word_1_306' title='bbox 319 3429 469 3498; x_wconf 74' lang='lat' dir='ltr'><strong>praetem</strong></span> <span class='ocrx_word' id='word_1_307' title='bbox 492 3419 640 3500; x_wconf 82' lang='grc'><strong>4544445444</strong></span> <span class='ocrx_word' id='word_1_308' title='bbox 665 3421 810 3485; x_wconf 78' lang='grc'><strong>4454544454</strong></span> <span class='ocrx_word' id='word_1_309' title='bbox 830 3426 861 3483; x_wconf 80' lang='lat' dir='ltr'><strong>ta</strong></span> <span class='ocrx_word' id='word_1_310' title='bbox 879 3424 1057 3502; x_wconf 80' lang='lat' dir='ltr'><strong>prouinciam</strong></span> <span class='ocrx_word' id='word_1_311' title='bbox 1083 3431 1108 3482; x_wconf 89' lang='grc'><strong>54</strong></span> <span class='ocrx_word' id='word_1_312' title='bbox 1134 3421 1173 3482; x_wconf 88' lang='lat' dir='ltr'><strong>ud</strong></span> <span class='ocrx_word' id='word_1_313' title='bbox 1201 3421 1305 3482; x_wconf 85' lang='grc'><strong>45445444</strong></span> <span class='ocrx_word' id='word_1_314' title='bbox 1333 3433 1399 3484; x_wconf 88' lang='lat' dir='ltr'><strong>coto</strong></span> <span class='ocrx_word' id='word_1_315' title='bbox 1426 3426 1458 3484; x_wconf 83' lang='grc'><strong>444</strong></span> 
     </span>
     <span class='ocr_line' id='line_1_31' title="bbox 113 3521 1460 3606; baseline 0.003 -24"><span class='ocrx_word' id='word_1_316' title='bbox 113 3521 255 3603; x_wconf 74' lang='lat' dir='ltr'><strong>Capitolio</strong></span> <span class='ocrx_word' id='word_1_317' title='bbox 276 3532 440 3602; x_wconf 77' lang='grc'><strong>4444554544</strong></span> <span class='ocrx_word' id='word_1_318' title='bbox 468 3527 558 3585; x_wconf 87' lang='grc'><strong>4444454</strong></span> <span class='ocrx_word' id='word_1_319' title='bbox 579 3534 741 3604; x_wconf 78' lang='lat' dir='ltr'><strong>perpetrato</strong></span> <span class='ocrx_word' id='word_1_320' title='bbox 775 3543 807 3586; x_wconf 90' lang='lat' dir='ltr'><strong>eo</strong></span> <span class='ocrx_word' id='word_1_321' title='bbox 835 3525 931 3586; x_wconf 84' lang='lat' dir='ltr'><strong>eodem</strong></span> <span class='ocrx_word' id='word_1_322' title='bbox 964 3524 1144 3604; x_wconf 81' lang='lat' dir='ltr'><strong>triumphans</strong></span> <span class='ocrx_word' id='word_1_323' title='bbox 1170 3521 1275 3606; x_wconf 81' lang='lat' dir='ltr'><strong>(codex</strong></span> <span class='ocrx_word' id='word_1_324' title='bbox 1297 3535 1460 3606; x_wconf 82' lang='grc'><strong>4544544545</strong></span> 
     </span>
    </p>
   </div>
   <div class='ocr_carea' id='block_1_6' title="bbox 110 3723 1465 4840">
    <p class='ocr_par' dir='ltr' id='par_1_8' title="bbox 110 3723 1465 4840">
     <span class='ocr_line' id='line_1_32' title="bbox 110 3723 1461 3795; baseline 0.001 -19"><span class='ocrx_word' id='word_1_325' title='bbox 110 3727 246 3779; x_wconf 82' lang='lat' dir='ltr'><strong>Siccensis</strong></span> <span class='ocrx_word' id='word_1_326' title='bbox 264 3726 379 3792; x_wconf 86' lang='lat' dir='ltr'><strong>repperit</strong></span> <span class='ocrx_word' id='word_1_327' title='bbox 395 3724 418 3775; x_wconf 83' lang='lat' dir='ltr'><strong>J.</strong></span> <span class='ocrx_word' id='word_1_328' title='bbox 432 3723 559 3788; x_wconf 85' lang='lat' dir='ltr'><strong>Poiassot‚</strong></span> <span class='ocrx_word' id='word_1_329' title='bbox 577 3733 604 3777; x_wconf 91' lang='grc'><strong>54</strong></span> <span class='ocrx_word' id='word_1_330' title='bbox 621 3742 635 3777; x_wconf 98' lang='grc'><strong>4</strong></span> <span class='ocrx_word' id='word_1_331' title='bbox 654 3725 746 3777; x_wconf 89' lang='grc'><strong>644515</strong></span> <span class='ocrx_word' id='word_1_332' title='bbox 758 3727 847 3778; x_wconf 89' lang='grc' dir='ltr'><strong>Τ44454</strong></span> <span class='ocrx_word' id='word_1_333' title='bbox 864 3726 979 3780; x_wconf 83' lang='lat' dir='ltr'><strong>officiose</strong></span> <span class='ocrx_word' id='word_1_334' title='bbox 996 3743 1092 3780; x_wconf 85' lang='grc'><strong>44554444</strong></span> <span class='ocrx_word' id='word_1_335' title='bbox 1108 3729 1302 3780; x_wconf 83' lang='lat' dir='ltr'><strong>communicatus</strong></span> <span class='ocrx_word' id='word_1_336' title='bbox 1315 3735 1355 3779; x_wconf 90' lang='lat' dir='ltr'><strong>est</strong></span> <span class='ocrx_word' id='word_1_337' title='bbox 1366 3737 1392 3781; x_wconf 85' lang='lat' dir='ltr'><strong>st</strong></span> <span class='ocrx_word' id='word_1_338' title='bbox 1403 3744 1461 3795; x_wconf 90' lang='lat' dir='ltr'><strong>pro-</strong></span> 
     </span>
     <span class='ocr_line' id='line_1_33' title="bbox 110 3810 1462 3882; baseline 0.001 -19"><span class='ocrx_word' id='word_1_339' title='bbox 110 3812 163 3864; x_wconf 86' lang='lat' dir='ltr'><strong>diit</strong></span> <span class='ocrx_word' id='word_1_340' title='bbox 185 3814 213 3862; x_wconf 88' lang='lat' dir='ltr'><strong>in</strong></span> <span class='ocrx_word' id='word_1_341' title='bbox 232 3813 287 3879; x_wconf 88' lang='grc'><strong>54414.</strong></span> <span class='ocrx_word' id='word_1_342' title='bbox 306 3812 431 3863; x_wconf 89' lang='grc'><strong>0444454444</strong></span> <span class='ocrx_word' id='word_1_343' title='bbox 453 3810 566 3862; x_wconf 78' lang='grc'><strong>1454454444</strong></span> <span class='ocrx_word' id='word_1_344' title='bbox 586 3812 736 3864; x_wconf 67' lang='grc' dir='ltr'><strong>4444445ήή54</strong></span> <span class='ocrx_word' id='word_1_345' title='bbox 755 3811 799 3862; x_wconf 80' lang='lat' dir='ltr'><strong>dac</strong></span> <span class='ocrx_word' id='word_1_346' title='bbox 819 3812 957 3880; x_wconf 78' lang='grc'><strong>5544444444</strong></span> <span class='ocrx_word' id='word_1_347' title='bbox 977 3816 1118 3882; x_wconf 70' lang='grc'><strong>4444554554</strong></span> <span class='ocrx_word' id='word_1_348' title='bbox 1140 3829 1162 3866; x_wconf 90' lang='grc'><strong>4.</strong></span> <span class='ocrx_word' id='word_1_349' title='bbox 1175 3814 1190 3864; x_wconf 90' lang='grc'>2</span> <span class='ocrx_word' id='word_1_350' title='bbox 1213 3815 1297 3880; x_wconf 81' lang='grc'><strong>41483)</strong></span> <span class='ocrx_word' id='word_1_351' title='bbox 1315 3830 1338 3881; x_wconf 87' lang='grc'><strong>4.</strong></span> <span class='ocrx_word' id='word_1_352' title='bbox 1357 3815 1406 3866; x_wconf 90' lang='grc'><strong>260</strong></span> <span class='ocrx_word' id='word_1_353' title='bbox 1424 3816 1462 3866; x_wconf 87' lang='grc'><strong>445</strong></span> 
     </span>
     <span class='ocr_line' id='line_1_34' title="bbox 111 3886 904 3962; baseline 0.005 -14"><span class='ocrx_word' id='word_1_354' title='bbox 111 3906 265 3962; x_wconf 80' lang='lat' dir='ltr'><strong>conceptus:</strong></span> <span class='ocrx_word' id='word_1_355' title='bbox 903 3886 904 3889; x_wconf 17' lang='lat'>¹</span> 
     </span>
     <span class='ocr_line' id='line_1_35' title="bbox 479 4002 1093 4049; baseline 0.008 -5"><span class='ocrx_word' id='word_1_356' title='bbox 479 4002 1093 4049; x_wconf 76' lang='grc' dir='ltr'><strong>111ΝΟΝ1·1.1141Α14·Α146148ΤΑΕ</strong></span> 
     </span>
     <span class='ocr_line' id='line_1_36' title="bbox 500 4087 1129 4135; baseline 0.005 -5"><span class='ocrx_word' id='word_1_357' title='bbox 500 4087 720 4132; x_wconf 76' lang='lat' dir='ltr'><strong>L·t²assrteN0</strong></span> <span class='ocrx_word' id='word_1_358' title='bbox 732 4101 739 4116; x_wconf 94' lang='grc'>·</span> <span class='ocrx_word' id='word_1_359' title='bbox 752 4089 846 4134; x_wconf 84' lang='lat' dir='ltr'>RVFO</span> <span class='ocrx_word' id='word_1_360' title='bbox 858 4104 866 4119; x_wconf 91' lang='lat'><strong>·</strong></span> <span class='ocrx_word' id='word_1_361' title='bbox 879 4090 1129 4135; x_wconf 77' lang='lat' dir='ltr'>IMPERATORE</span> 
     </span>
     <span class='ocr_line' id='line_1_37' title="bbox 478 4173 1128 4221; baseline 0.008 -6"><span class='ocrx_word' id='word_1_362' title='bbox 478 4173 669 4219; x_wconf 72' lang='grc' dir='ltr'><strong>ΑΗΙΕΑΜ</strong></span> <span class='ocrx_word' id='word_1_363' title='bbox 925 4175 1128 4221; x_wconf 74' lang='grc' dir='ltr'><strong>ΟΒΤΙΝΕΝΤΕ</strong></span> 
     </span>
     <span class='ocr_line' id='line_1_38' title="bbox 500 4257 1151 4306; baseline 0.005 -5"><span class='ocrx_word' id='word_1_364' title='bbox 500 4257 569 4301; x_wconf 84' lang='lat' dir='ltr'><strong>CN·</strong></span> <span class='ocrx_word' id='word_1_365' title='bbox 586 4259 1151 4306; x_wconf 73' lang='lat' dir='ltr'><strong>conneutvs·cn·r·c0n·nvrvs</strong></span> 
     </span>
     <span class='ocr_line' id='line_1_39' title="bbox 423 4343 1107 4391; baseline 0 0"><span class='ocrx_word' id='word_1_366' title='bbox 423 4343 453 4391; x_wconf 80' lang='lat'><strong>&#39;5</strong></span> <span class='ocrx_word' id='word_1_367' title='bbox 558 4345 839 4389; x_wconf 75' lang='lat' dir='ltr'><strong>ur·man1a·c·</strong></span> <span class='ocrx_word' id='word_1_368' title='bbox 857 4347 1107 4391; x_wconf 57' lang='lat' dir='ltr'><strong>thuana-CN</strong></span> 
     </span>
     <span class='ocr_line' id='line_1_40' title="bbox 689 4429 972 4477; baseline 0.004 -3"><span class='ocrx_word' id='word_1_369' title='bbox 689 4430 709 4474; x_wconf 85' lang='lat' dir='ltr'>C</span> <span class='ocrx_word' id='word_1_370' title='bbox 720 4429 742 4474; x_wconf 95' lang='lat'><em>0</em></span> <span class='ocrx_word' id='word_1_371' title='bbox 753 4431 775 4471; x_wconf 87' lang='lat' dir='ltr'><strong>N</strong></span> <span class='ocrx_word' id='word_1_372' title='bbox 787 4429 802 4473; x_wconf 90' lang='lat' dir='ltr'>S</span> <span class='ocrx_word' id='word_1_373' title='bbox 813 4433 830 4474; x_wconf 84' lang='grc' dir='ltr'><strong><em>Ε</em></strong></span> <span class='ocrx_word' id='word_1_374' title='bbox 840 4434 859 4474; x_wconf 84' lang='lat' dir='ltr'>R</span> <span class='ocrx_word' id='word_1_375' title='bbox 870 4433 893 4475; x_wconf 90' lang='lat' dir='ltr'>V</span> <span class='ocrx_word' id='word_1_376' title='bbox 902 4436 922 4477; x_wconf 86' lang='grc' dir='ltr'><strong>Α</strong></span> <span class='ocrx_word' id='word_1_377' title='bbox 933 4433 951 4475; x_wconf 87' lang='grc' dir='ltr'><strong>Τ</strong></span> <span class='ocrx_word' id='word_1_378' title='bbox 964 4436 972 4475; x_wconf 97' lang='grc'><strong>1</strong></span> 
     </span>
     <span class='ocr_line' id='line_1_41' title="bbox 537 4514 1020 4563; baseline 0.008 -7"><span class='ocrx_word' id='word_1_379' title='bbox 537 4514 678 4559; x_wconf 78' lang='grc' dir='ltr'><strong>1ΙΟΤΑ·</strong></span> <span class='ocrx_word' id='word_1_380' title='bbox 697 4517 1020 4563; x_wconf 76' lang='lat' dir='ltr'><strong>t·ru·50tv01tr</strong></span> 
     </span>
     <span class='ocr_line' id='line_1_42' title="bbox 113 4595 1464 4669; baseline 0.002 -18"><span class='ocrx_word' id='word_1_381' title='bbox 113 4598 238 4651; x_wconf 74' lang='lat' dir='ltr'><strong>formula</strong></span> <span class='ocrx_word' id='word_1_382' title='bbox 262 4613 287 4648; x_wconf 87' lang='grc'><strong>4.</strong></span> <span class='ocrx_word' id='word_1_383' title='bbox 301 4596 353 4649; x_wconf 76' lang='grc'><strong>23</strong></span> <span class='ocrx_word' id='word_1_384' title='bbox 371 4598 479 4650; x_wconf 87' lang='grc'><strong>44451444</strong></span> <span class='ocrx_word' id='word_1_385' title='bbox 495 4595 554 4650; x_wconf 85' lang='lat' dir='ltr'><strong>inda</strong></span> <span class='ocrx_word' id='word_1_386' title='bbox 571 4599 658 4664; x_wconf 85' lang='grc'><strong>454444,</strong></span> <span class='ocrx_word' id='word_1_387' title='bbox 679 4599 743 4665; x_wconf 90' lang='lat' dir='ltr'><strong>quod</strong></span> <span class='ocrx_word' id='word_1_388' title='bbox 761 4599 897 4653; x_wconf 67' lang='lat' dir='ltr'><strong>Passienus</strong></span> <span class='ocrx_word' id='word_1_389' title='bbox 915 4604 1052 4669; x_wconf 85' lang='grc'><strong>4444544454</strong></span> <span class='ocrx_word' id='word_1_390' title='bbox 1070 4602 1212 4669; x_wconf 88' lang='grc'><strong>4445144444</strong></span> <span class='ocrx_word' id='word_1_391' title='bbox 1231 4617 1310 4668; x_wconf 88' lang='lat' dir='ltr'><strong>neque</strong></span> <span class='ocrx_word' id='word_1_392' title='bbox 1328 4605 1464 4668; x_wconf 86' lang='lat' dir='ltr'><strong>proconsul</strong></span> 
     </span>
     <span class='ocr_line' id='line_1_43' title="bbox 115 4685 1465 4753; baseline 0.002 -16"><span class='ocrx_word' id='word_1_393' title='bbox 115 4693 191 4738; x_wconf 86' lang='grc'><strong>45545</strong></span> <span class='ocrx_word' id='word_1_394' title='bbox 207 4685 259 4737; x_wconf 87' lang='lat' dir='ltr'><strong>dici</strong></span> <span class='ocrx_word' id='word_1_395' title='bbox 277 4686 361 4751; x_wconf 86' lang='lat' dir='ltr'><strong>potuit</strong></span> <span class='ocrx_word' id='word_1_396' title='bbox 378 4694 404 4736; x_wconf 91' lang='lat' dir='ltr'><strong>et</strong></span> <span class='ocrx_word' id='word_1_397' title='bbox 421 4686 500 4738; x_wconf 89' lang='lat' dir='ltr'><strong>multo</strong></span> <span class='ocrx_word' id='word_1_398' title='bbox 518 4687 600 4738; x_wconf 86' lang='grc'><strong>44445444</strong></span> <span class='ocrx_word' id='word_1_399' title='bbox 618 4686 757 4753; x_wconf 82' lang='lat' dir='ltr'><strong>imperator</strong></span> <span class='ocrx_word' id='word_1_400' title='bbox 772 4685 882 4738; x_wconf 79' lang='lat' dir='ltr'><strong>Africae.</strong></span> <span class='ocrx_word' id='word_1_401' title='bbox 901 4715 935 4725; x_wconf 97' lang='lat'>-</span> <span class='ocrx_word' id='word_1_402' title='bbox 952 4687 967 4738; x_wconf 81' lang='grc'>3</span> <span class='ocrx_word' id='word_1_403' title='bbox 986 4688 1069 4740; x_wconf 87' lang='lat' dir='ltr'><strong>hiatus</strong></span> <span class='ocrx_word' id='word_1_404' title='bbox 1087 4697 1171 4740; x_wconf 89' lang='grc'><strong>4454444</strong></span> <span class='ocrx_word' id='word_1_405' title='bbox 1189 4688 1257 4740; x_wconf 76' lang='lat' dir='ltr'><strong>inter</strong></span> <span class='ocrx_word' id='word_1_406' title='bbox 1275 4690 1323 4739; x_wconf 88' lang='lat' dir='ltr'><strong>dno</strong></span> <span class='ocrx_word' id='word_1_407' title='bbox 1343 4689 1465 4740; x_wconf 86' lang='grc'><strong>4454444414</strong></span> 
     </span>
     <span class='ocr_line' id='line_1_44' title="bbox 114 4770 1067 4840; baseline 0.004 -18"><span class='ocrx_word' id='word_1_408' title='bbox 114 4771 212 4823; x_wconf 83' lang='lat' dir='ltr'><strong>doleri.</strong></span> <span class='ocrx_word' id='word_1_409' title='bbox 231 4799 264 4810; x_wconf 93' lang='lat'><strong>-—</strong></span> <span class='ocrx_word' id='word_1_410' title='bbox 282 4771 298 4821; x_wconf 88' lang='grc'><strong>5</strong></span> <span class='ocrx_word' id='word_1_411' title='bbox 314 4770 356 4822; x_wconf 93' lang='grc'><strong>4444.</strong></span> <span class='ocrx_word' id='word_1_412' title='bbox 374 4772 402 4823; x_wconf 87' lang='lat' dir='ltr'><strong>iu</strong></span> <span class='ocrx_word' id='word_1_413' title='bbox 419 4773 503 4840; x_wconf 85' lang='lat' dir='ltr'><strong>lapide</strong></span> <span class='ocrx_word' id='word_1_414' title='bbox 521 4788 577 4825; x_wconf 85' lang='grc'><strong>5445</strong></span> <span class='ocrx_word' id='word_1_415' title='bbox 595 4773 747 4824; x_wconf 86' lang='lat' dir='ltr'><strong>crediderim</strong></span> <span class='ocrx_word' id='word_1_416' title='bbox 764 4782 828 4839; x_wconf 75' lang='lat' dir='ltr'><strong>cort,</strong></span> <span class='ocrx_word' id='word_1_417' title='bbox 846 4773 948 4826; x_wconf 87' lang='lat' dir='ltr'><strong>scilicet</strong></span> <span class='ocrx_word' id='word_1_418' title='bbox 963 4777 1067 4828; x_wconf 76' lang='grc'><strong>55444445.</strong></span> 
     </span>
    </p>
   </div>
   <div class='ocr_carea' id='block_1_7' title="bbox 1271 4863 1308 4916">
    <p class='ocr_par' dir='ltr' id='par_1_9' title="bbox 1271 4863 1308 4916">
     <span class='ocr_line' id='line_1_45' title="bbox 1271 4863 1308 4916; baseline 0 -21"><span class='ocrx_word' id='word_1_419' title='bbox 1271 4863 1308 4916; x_wconf 62' lang='lat'><strong>2⁸</strong></span> 
     </span>
    </p>
   </div>
   <div class='ocr_carea' id='block_1_8' title="bbox 0 0 1775 5417">
    <p class='ocr_par' dir='ltr' id='par_1_10' title="bbox 0 0 1775 5417">
     <span class='ocr_line' id='line_1_46' title="bbox 0 0 1775 5417; baseline 0 0"><span class='ocrx_word' id='word_1_420' title='bbox 0 0 1775 5417; x_wconf 95' lang='lat' dir='ltr'><strong> </strong></span> 
     </span>
    </p>
   </div>
  </div>
 </body>
</html>
