3525 5417
622 267 779 327 rtuvnvs
797 267 1019 328 sternamus
1432 278 1494 342 163

245 451 391 524 Quattuor
411 450 484 512 haec
507 450 614 513 indicia
639 450 814 532 expendenti
838 450 922 512 lacile
948 451 1098 531 apparebit
1119 469 1238 513 omnem
1264 452 1393 515 nominis
1418 462 1496 516 certa

143 552 258 615 ratione
279 538 470 634 recuperandi
492 571 574 633 spem
597 553 724 633 positam
750 573 816 616 esse
841 553 873 615 in
894 553 1085 634 legationibus
1109 553 1248 635 Syriacls3
1277 556 1387 638 reliqua
1417 558 1495 620 enim

145 658 200 720 tria
223 666 282 719 1313
304 657 407 719 multis
429 656 599 719 hominibus
621 658 790 722 eommunia
812 660 943 733 luerunt,
976 668 1011 719 ut
1037 657 1074 719 ad
1103 659 1337 721 confirmandum
1364 669 1394 723 31
1416 664 1496 723 relu-

144 761 268 822 tandum
291 759 382 840 magis
403 759 519 822 valeant
540 779 629 841 quam
652 762 687 823 ad
709 761 928 824 inveniendum.
974 761 1073 842 Syriae
1094 770 1193 823 autem
1221 761 1308 841 legati
1336 774 1404 846 post
1433 784 1496 827 rent

142 864 290 944 publicam
324 864 361 926 ab
382 864 514 943 Augusto
547 863 714 926 restitutam
737 884 763 926 a.
788 864 849 926 727
877 865 998 944 quinam
1032 865 1142 927 luerint
1172 865 1366 944 (3113313133
1399 877 1495 930 cenot.

142 968 204 1029 Pis.
237 988 266 1049 p.
299 966 362 1029 289
392 986 453 1047 sq,
491 967 695 1030 Sanclemente
728 968 747 1029 l.
773 987 798 1030 3.
825 989 853 1049 p.
884 970 945 1030 417
979 987 1039 1048 sq.;
1077 968 1231 1050 Zumptius
1264 988 1371 1032 comm.
1406 971 1495 1052 epigr.

144 1071 217 1152 23.
240 1074 278 1132 71
303 1076 369 1153 sq),
392 1074 450 1135 iam
473 1071 633 1133 rideamus.
678 1071 736 1132 Sed
756 1071 853 1152 ipsum
887 1071 1059 1134 laterculum
1093 1079 1250 1152 autequam
1284 1073 1495 1153 aggrediamur,

142 1174 274 1256 primum
297 1175 543 1238 considerandum
573 1182 630 1248 est,
664 1193 753 1254 quent
786 1176 885 1239 locum
917 1176 948 1237 in
972 1175 1054 1256 Syria
1088 1176 1318 1238 administranda
1350 1177 1498 1240 adiutores

144 1280 271 1359 Augusti
293 1288 436 1362 potestate
459 1298 548 1360 supra
569 1279 695 1358 legatum
717 1280 842 1361 praediti
864 1279 1022 1342 habuerint
1043 1279 1171 1362 Agrippa
1192 1289 1222 1342 et
1244 1281 1274 1343 (l.
1291 1280 1403 1343 Caesar.

245 1382 282 1444 bl.
298 1384 454 1465 Agrippam
481 1401 550 1445 cum
583 1392 698 1445 constet
723 1384 760 1445 ab
781 1404 806 1446 a.
822 1383 890 1446 inde
918 1383 979 1446 736
1012 1383 1048 1444 31
1082 1382 1186 1445 mortis
1218 1403 1313 1464 usque
1346 1384 1407 1447 742
1439 1404 1498 1447 333

142 1505 212 1548 cum
227 1487 358 1566 Augusto
380 1504 514 1550 summae
535 1504 634 1547 rerum
657 1488 817 1567 praefuisse
839 1487 994 1550 tribunicia
1017 1494 1160 1568 potestate
1183 1487 1275 1549 delata
1296 1487 1345 1549 illo
1367 1507 1445 1550 anno
1466 1489 1497 1550 in

142 1590 381 1671 quinquennium
417 1590 577 1669 iterataque
614 1609 639 1650 3.
662 1590 737 1665 741,
773 1610 862 1671 quem
897 1592 996 1654 locum
1033 1600 1101 1652 ante
1135 1589 1218 1652 illum
1251 1609 1363 1653 annum
1396 1591 1428 1652 in
1464 1611 1496 1653 33

145 1694 263 1775 publica
290 1693 418 1756 tenuerit
442 1701 473 1754 et
494 1694 582 1754 etiam
605 1702 673 1774 post
693 1694 777 1756 illum
799 1714 858 1775 quo
884 1695 947 1757 iure
974 1694 1191 1775 provinciarum
1213 1694 1496 1758 administrationem

143 1817 160 1858 a
184 1798 339 1860 tribunicia
359 1805 503 1879 potestate
525 1815 578 1876 per
605 1815 636 1858 se
663 1797 838 1859 disiunctum
865 1797 1036 1870 exercuerit,
1064 1797 1203 1858 traditum
1233 1816 1292 1859 non
1322 1798 1497 1878 accepimus.

142 1901 297 1963 Probabile
320 1911 418 1963 tamen
440 1909 486 1962 331
510 1901 546 1962 ab
574 1901 638 1981 ipso
667 1919 744 1963 3333
768 1901 844 1976 727,
874 1921 932 1983 quo
959 1921 1012 1982 per
1041 1901 1209 1963 consulatus
1240 1901 1314 1962 duos
1342 1902 1498 1964 continuos

142 2013 175 2066 et
196 2004 358 2067 censoriam
381 2013 555 2085 potestatem
576 2004 709 2083 Augusto
731 2004 885 2083 exaequari
906 2009 1027 2084 coeptus
1050 2012 1102 2077 est,
1131 2006 1367 2084 proconsularem
1396 2013 1497 2086 potes-

143 2116 235 2170 tatem
258 2107 299 2170 ita
320 2108 347 2170 ei
367 2108 542 2188 permissam
565 2127 637 2181 esse,
660 2115 694 2168 ut
715 2108 751 2169 ad
775 2107 944 2169 universum
968 2106 1126 2187 imperium
1148 2125 1180 2168 ea
1203 2108 1377 2188 perveniret,
1399 2106 1498 2169 minor

142 2220 245 2274 tamen
266 2220 343 2274 esset
365 2231 453 2293 quam
476 2211 571 2273 simile
593 2211 640 2273 ius
661 2211 755 2291 ipsius
776 2210 972 2292 imperatoris.
1008 2209 1082 2271 Nam
1105 2210 1161 2271 hoc
1182 2220 1212 2271 et
1234 2212 1288 2272 toti
1308 2213 1351 2274 rei
1365 2211 1498 2291 publicae

142 2314 323 2378 ordinationi
345 2316 455 2396 optime
483 2314 617 2377 convenit
639 2313 678 2394 (3.
698 2314 871 2378 Stactareeltt
886 2313 925 2375 2¹
941 2334 969 2394 p.
987 2314 1080 2388 10941
1108 2321 1137 2375 31
1169 2332 1244 2393 quae
1277 2314 1312 2375 de
1342 2313 1431 2376 rebus
1462 2315 1498 2376 ab

141 2420 272 2501 Agrippa
291 2419 379 2499 gestis
400 2418 566 2492 traduntur,
589 2419 676 2480 modo
706 2418 842 2480 universa
870 2417 1050 2488 consideres,
1080 2415 1165 2478 aliam
1199 2417 1422 2496 explicationem
1450 2417 1498 2479 vix

141 2523 300 2605 recipiunt.
343 2523 428 2595 Quod
451 2521 553 2584 scribit
573 2521 714 2603 Iosephus
743 2540 810 2584 eum
839 2540 892 2601 per
919 2522 1018 2583 decem
1042 2538 1134 2581 annos
1162 2539 1216 2600 pro
1238 2520 1344 2583 vicario
1367 2520 1497 2582 Caesaris

141 2646 192 2688 res
216 2626 346 2689 Orientis
368 2624 616 2688 administravisse
639 2626 701 2700 (15,
725 2627 772 2700 10,
792 2625 827 2686 2:
851 2627 1020 2706 πέμπεται
1043 2621 1081 2685 δὲ
1097 2619 1284 2706 Ἀγρίππας
1306 2623 1371 2687 τῶν
1393 2626 1498 2706 πέραν

137 2727 258 2793 Ἰονίου
280 2725 437 2808 διάδοχος
461 2731 616 2810 Καίσαρι.
645 2730 700 2804 16,
725 2729 760 2802 3,
783 2729 821 2791 3:
852 2725 1024 2809 Ἀγρίππᾳ
1050 2747 1087 2805 γε
1117 2725 1180 2810 μὴν
1211 2722 1337 2791 ἀνιόντι
1367 2727 1414 2801 εἷς
1442 2725 1500 2812 τὴν

139 2829 269 2915 Ῥώμην
288 2831 370 2915 μετὰ
396 2831 455 2915 τὴν
482 2829 649 2914 διοίκησιν
674 2833 739 2895 τῶν
771 2830 830 2894 ἐπὶ
861 2833 917 2915 τῆς
945 2826 1060 2904 Ἀσίας
1092 2829 1227 2915 δεκαετῆ
1259 2831 1498 2914 γεγενημένην),

143 2937 301 2999 vicariatus
319 2945 398 2998 33313
412 2935 584 2998 33331113133
605 2955 673 2997 cum
695 2934 818 3015 imperio
840 2933 890 2996 illo
912 2934 1126 3015 proconsulari3
1148 2954 1222 3015 quae
1237 2944 1335 2997 autem
1351 2935 1378 2996 31
1393 2953 1497 3015 parum

144 3039 283 3103 convenit
304 3041 435 3102 locorum
457 3049 488 3102 31
509 3048 675 3121 temporum
698 3039 827 3101 definitio
849 3046 949 3119 aperte
971 3058 988 3100 a
1015 3039 1168 3119 peregrino
1196 3047 1314 3102 auctore
1335 3040 1371 3101 ad
1393 3058 1440 3101 res
1462 3038 1498 3100 ab

143 3143 274 3225 Agrippa
296 3153 391 3224 gestas
413 3143 504 3222 magis
525 3146 649 3204 formata
671 3151 716 3204 est
737 3161 825 3222 quam
847 3143 885 3205 ad
906 3142 953 3204 ius
968 3143 1110 3223 Agrippae
1133 3142 1321 3224 permissum,
1344 3160 1399 3203 nec
1420 3150 1498 3203 recte

144 3246 266 3310 defendi
287 3255 392 3328 potest.
436 3247 509 3309 Nam
539 3247 617 3326 quod
645 3245 784 3326 Iosephus
812 3252 910 3326 aperte
939 3244 1083 3325 significat
1111 3246 1137 3307 ei
1165 3247 1195 3308 in
1223 3247 1318 3309 solum
1347 3245 1497 3307 Orientem

145 3369 202 3431 per
224 3348 288 3410 illos
309 3367 402 3411 annos
423 3349 470 3410 ius
498 3348 605 3424 luisse,
631 3369 666 3410 ea
692 3350 804 3410 ratione
831 3349 967 3422 omnino,
996 3368 1053 3429 qua
1079 3352 1135 3413 sub
1162 3349 1279 3412 Tiberio
1309 3348 1498 3410 Germanicus

145 3472 216 3516 cum
239 3453 361 3535 imperio
383 3452 582 3534 proconsulari
604 3453 735 3533 primum
750 3449 849 3513 Galliis
871 3461 901 3513 et
915 3452 1078 3515 Germaniis
1100 3453 1233 3535 praefuit,
1256 3451 1359 3514 deinde
1380 3451 1500 3532 provin-

145 3557 201 3620 ciis
235 3567 315 3619 trans
348 3575 429 3618 mare
460 3556 575 3618 lonium
603 3561 641 3631 (3.
660 3555 833 3618 8133133311
854 3554 874 3614 2
895 3576 922 3636 p.
942 3555 1023 3618 1099
1051 3556 1116 3618 313.
1138 3555 1188 3636 4),
1220 3555 1250 3617 11
1284 3556 1315 3617 13
1341 3555 1498 3636 Agrippam

145 3680 208 3724 non
231 3659 387 3722 convenire
408 3659 476 3721 inde
498 3659 651 3738 colligitur,
674 3659 752 3740 quod
772 3658 799 3719 13
820 3676 873 3739 per
888 3677 913 3720 a.
929 3658 1096 3720 733-737
1111 3658 1217 3740 partim
1236 3659 1267 3720 in
1288 3659 1371 3734 urbe,
1393 3659 1499 3738 partim

144 3767 179 3828 in
202 3763 302 3826 Gabiis
325 3763 529 3843 Hispaniisque
550 3780 689 3843 praesens
715 3780 763 3822 res
790 3762 1013 3825 administrarit.
1059 3763 1199 3824 Similiter
1221 3762 1362 3825 terminos
1384 3761 1499 3842 imperii

146 3870 227 3931 illius
249 3886 317 3929 cum
338 3867 489 3947 Iosephus,
512 3884 689 3946 quamquam
711 3865 839 3928 reditum
854 3865 998 3947 Agrippae
1020 3884 1056 3927 ex
1075 3865 1156 3928 ltalia
1177 3867 1207 3928 iu
1224 3865 1374 3928 Orientem
1396 3885 1422 3926 3.
1439 3864 1500 3926 737

146 3972 273 4035 minime
287 3971 424 4050 ignorans
440 3970 502 4048 116,
518 3969 548 4044 2,
566 3971 606 4044 1),
629 3968 720 4031 nihilo
736 3969 835 4031 minus
850 3980 949 4050 aperte
965 3969 1108 4049 significet
1122 3969 1332 4050 prosectionem
1348 3967 1498 4050 Mytilenas

147 4097 173 4138 a.
190 4075 252 4138 731
276 4083 306 4136 31
331 4074 460 4136 reditum
481 4073 604 4135 Romam
636 4091 661 4134 a.
678 4073 749 4146 741,
773 4074 828 4134 hoc
849 4082 928 4134 certe
949 4072 995 4134 ius
1017 4072 1159 4153 Agrippae
1187 4073 1287 4135 datum
1309 4073 1389 4134 nullo
1411 4072 1500 4134 modo

150 4187 299 4243 mutatum
335 4185 397 4251 est,
432 4175 604 4257 videturque
639 4175 688 4237 hic
721 4194 837 4256 quoque
870 4185 973 4238 auctor
1016 4177 1105 4237 homo
1146 4175 1331 4256 provincialis
1371 4175 1500 4256 primum

148 4285 308 4345 adrentum
322 4281 465 4361 Agrippae
486 4281 518 4341 in
534 4280 684 4342 Orientem
708 4288 738 4341 et
759 4287 942 4360 postremum
965 4280 1092 4341 reditum
1116 4279 1283 4341 contudisse
1304 4297 1372 4341 cum
1394 4279 1501 4342 finibus

147 4387 223 4449 13313
246 4385 274 4446 31
293 4384 453 4446 commissi.
497 4385 598 4465 ltaque
620 4403 687 4445 cum
710 4382 893 4464 aliquatenus
915 4383 983 4444 inde
1011 4386 1217 4459 confirmetur,
1246 4383 1325 4463 quod
1354 4394 1501 4464 praeterea

148 4489 373 4552 confirmatione
393 4505 455 4549 non
476 4497 550 4568 eget,
572 4487 619 4549 ius
640 4487 902 4550 extraordinarium
924 4487 956 4548 13
978 4487 1139 4569 provincias
1154 4486 1296 4567 Agrippae
1319 4504 1501 4564 concessum,

148 4592 239 4656 idad
261 4599 375 4654 certum
398 4598 514 4672 tempus
536 4601 649 4655 certare
671 4592 733 4654 loca
754 4591 896 4673 Iosephus
918 4600 952 4653 ut
973 4592 1150 4672 restringere
1165 4590 1291 4654 voluisse
1305 4590 1429 4665 videtur,
1451 4592 1500 4667 ita,

150 4697 177 4758 si
198 4694 300 4768 voluit,
323 4693 438 4757 errarit.
460 4727 502 4740 -
523 4695 633 4759 Eodem
655 4697 781 4760 redeunt
802 4696 892 4758 relata
913 4695 944 4757 in
966 4696 1119 4760 annalibus
1134 4697 1186 4778 qui
1200 4706 1361 4777 supersunt
1375 4696 1501 4759 maxime

1290 4795 1344 4851 lt*
