3525 5417
678 687 869 741 EXEMPLVM
890 686 1157 753 uvsuuuvlultvu.

210 849 312 893 rerum
348 838 495 908 gestarum
529 828 591 890 diui
623 828 740 907 augusti
773 829 880 907 quibus
914 829 1014 891 orbem
1048 838 1192 891 terrarum
1225 831 1349 911 imperio
1376 832 1477 913 populi
1505 837 1621 897 romani

211 934 335 995 subiecit
350 942 379 995 et
393 932 593 1014 impensarum
610 950 682 1013 quas
697 932 729 993 in
742 950 805 993 rem
821 932 967 1012 publicam
985 932 1186 1012 populumque
1196 950 1358 994 romanum
1374 934 1443 996 lecit
1457 935 1619 998 incisamm

210 1038 242 1098 iu
287 1036 400 1098 duabus
443 1035 579 1096 ahaeneis
622 1034 689 1115 pilis
730 1055 804 1116 quae
842 1044 914 1098 sunt
949 1036 1078 1112 romae1)
1117 1036 1230 1117 positae
1267 1038 1416 1116 exemplar
1451 1038 1618 1100 subiectum

248 1142 301 1214 1,1
333 1156 426 1201 annos
462 1137 646 1217 undeuiginti
680 1147 768 1201 natus
799 1139 959 1200 exercitum
989 1137 1107 1218 priuato
1135 1138 1258 1201 consilio
1283 1148 1314 1201 et
1342 1142 1458 1221 priuata
1484 1140 1620 1221 impensa

338 1241 508 1323 comparaui
530 1250 633 1320 terque
655 1260 684 1303 m
689 1287 1235 1304 ..................
1289 1244 1425 1305 factionis
1447 1264 1618 1325 oppressam

335 1345 366 1405 in
389 1344 554 1408 libertatem
580 1343 727 1405 uindicaui
756 1389 1237 1406 ................
1267 1347 1392 1409 decretis
1415 1349 1616 1429 honorificis⁸)

340 1447 474 1510 ordinem
499 1466 587 1509 suum
626 1493 1617 1513 ................................

243 1653 298 1727 2,1
330 1653 522 1734 patriciomm
550 1672 708 1716 numerum
736 1654 804 1715 auri
833 1654 937 1715 consul
966 1653 1103 1734 quintum
1125 1652 1208 1716 iussu
1231 1653 1332 1735 populi
1355 1662 1384 1716 et
1406 1664 1526 1717 senatus
1548 1676 1617 1718 sena

338 1766 402 1817 tum
427 1764 472 1817 ter
492 1756 549 1836 legi
571 1766 600 1819 et
621 1756 652 1818 in
675 1757 830 1821 consulatu
853 1767 936 1820 sexto
959 1778 1081 1820 censum
1106 1758 1206 1839 populi
1228 1756 1368 1838 collega⁸)
1391 1777 1420 1819 m
1437 1757 1554 1840 agrippa
1571 1760 1617 1838 egi

333 1859 461 1921 lustrum
495 1868 563 1940 post
594 1879 704 1922 annum
726 1863 852 1922 alterum
881 1869 911 1922 et
932 1861 1218 1944 quadragesimum)
1245 1860 1334 1940 lecil)
1361 1880 1420 1939 quo
1442 1862 1535 1922 lustro
1557 1861 1615 1924 ciui

336 1980 386 2023 um
418 1981 609 2024 romanorum
640 1962 750 2025 censita
778 1972 847 2026 suut
875 1964 969 2043 capita
998 1964 1191 2043 quadragiens
1220 1972 1340 2025 centum
1371 1964 1461 2025 millia
1489 1974 1519 2025 et
1546 1984 1615 2027 sexa

290 2086 303 2128 u
333 2066 411 2145 ginta
435 2067 490 2129 tria
507 2111 1267 2127 .........................
1280 2084 1348 2127 cum
1372 2084 1466 2147 nuper
1487 2067 1614 2130 lustrum

335 2169 415 2231 solus
437 2168 525 2249 fecit)
547 2188 704 2231 censorum
753 2215 1012 2230 .........
1036 2168 1143 2250 sinim)
1166 2189 1216 2230 cos
1238 2189 1297 2248 quo
1319 2170 1412 2231 lustro
1435 2189 1522 2231 censa
1544 2180 1615 2233 sunt

336 2272 446 2335 ciuium
468 2292 659 2335 romanorum
693 2318 983 2334 ..........
1007 2271 1190 2351 quadragens
1212 2281 1332 2334 centum
1356 2272 1445 2334 millia
1466 2283 1498 2334 et
1518 2274 1614 2335 ducen

336 2384 363 2436 ta
395 2376 511 2455 triginta
536 2376 591 2435 tria
629 2419 792 2436 ......
817 2376 847 2435 in
870 2375 1024 2436 consulatu
1048 2376 1067 2435 li
1091 2419 1098 2433 .
1122 2420 1129 2433 .
1154 2420 1160 2433 .
1185 2420 1192 2433 .
1215 2393 1284 2436 cum
1307 2374 1461 2454 nuperime
1485 2375 1613 2437 lustrum

336 2496 404 2539 cum
427 2477 489 2556 lega
512 2475 617 2537 tiberio
634 2523 987 2538 ............
1011 2486 1084 2538 sext.
1107 2478 1243 2558 pompeio
1266 2487 1295 2540 et
1317 2485 1390 2539 sext.
1427 2479 1542 2559 apuleio
1563 2499 1614 2541 cos

274 2598 302 2642 ro
329 2599 388 2661 quo
410 2580 505 2641 lustro
530 2624 1167 2640 .....................
1189 2598 1254 2640 rom
1277 2581 1405 2661 capitum
1429 2582 1613 2661 quadrageno

330 2692 450 2745 centum
478 2681 529 2743 mil
567 2727 1173 2743 ....................
1194 2666 1350 2763 ’.ΑΒΜ
1372 2693 1402 2746 et
1424 2693 1536 2765 septem
1561 2687 1613 2747 mil

330 2786 405 2865 legip
431 2804 470 2847 no
502 2830 1075 2846 ...................
1092 2787 1224 2867 exempla
1247 2786 1391 2849 maiorum
1416 2789 1611 2851 exolescentia

329 2888 387 2948 iam
419 2907 454 2948 ex
480 2906 537 2949 nos
566 2933 1078 2949 .................
1099 2890 1259 2951 multarum
1282 2910 1381 2952 rerum
1404 2892 1538 2972 exempla
1559 2892 1613 2953 imi

238 3196 293 3270 3‚r
325 3196 445 3259 honoris
469 3198 526 3258 mei
548 3197 667 3275 causa⁸)
694 3205 812 3257 senatus
834 3197 1019 3277 populusque
1042 3217 1183 3260 romanus
1205 3217 1317 3260 annum
1340 3201 1478 3279 quintum
1502 3210 1533 3262 et
1548 3202 1610 3263 deci

331 3318 413 3360 mum
436 3302 549 3379 agentis
572 3300 701 3361 consulis
724 3299 923 3378 designauit⁹)
946 3310 980 3363 ut
1001 3321 1069 3363 cum
1093 3304 1296 3381 magistratum
1321 3304 1430 3365 inirent
1452 3315 1519 3384 post
1540 3305 1610 3384 quin

329 3402 540 3481 quennium¹⁰)
570 3422 605 3463 ex
632 3421 666 3461 eo
694 3402 740 3463 dic
768 3402 826 3464 duo
852 3404 1019 3482 deducti¹¹l
1048 3405 1079 3465 in
1107 3424 1249 3467 eorumue
1278 3406 1454 3468 interessent
1476 3408 1610 3469 consiliis

328 3504 455 3585 publicis
496 3505 627 3566 decreuit
669 3513 788 3567 senatus
830 3505 944 3585 equites
990 3517 1087 3568 autem
1126 3508 1241 3569 romani
1279 3508 1409 3571 uniuersi
1447 3510 1609 3593 principem

281 3628 294 3669 o
325 3653 1090 3671 .........................
1114 3610 1205 3673 hastis
1227 3612 1373 3691 argenteis
1403 3617 1543 3676 donatum
1573 3634 1609 3694 ap

329 3712 513 3793 pellauerunt

326 3814 394 3877 libri
421 3812 536 3875 romani
560 3812 670 3876 uiritim
708 3858 934 3874 ........
970 3834 1058 3876 cenos
1081 3817 1237 3878 numeraui
1260 3836 1295 3878 ex
1318 3827 1494 3880 testamento
1517 3820 1608 3900 patris

328 3920 386 3979 mei
410 3926 440 3979 et
461 3916 618 3993 nomini¹²l
642 3935 708 3978 meo
741 3963 905 3977 ......
929 3918 1087 3997 dringenos
1111 3938 1145 3980 ex
1167 3920 1313 3982 bellorum
1337 3920 1483 3982 manubiis
1505 3922 1609 3983 consul

331 4020 468 4099 quintum
518 4020 581 4081 dedi
626 4020 733 4082 iterum
778 4030 878 4083 autem
922 4022 952 4082 in
997 4022 1152 4083 consulatu
1196 4023 1309 4085 decimo
1354 4045 1388 4085 ex
1431 4024 1609 4105 patrimonio

274 4142 297 4185 to
325 4141 391 4185 meo
424 4122 470 4183 bis
504 4122 720 4203 quadringenos
751 4124 878 4203 congiari
907 4124 1017 4187 uiritim
1047 4124 1155 4186 ilerum
1183 4144 1250 4187 aere
1281 4126 1422 4205 merui¹⁸)
1450 4139 1480 4188 et
1506 4130 1609 4190 consul

328 4226 577 4305 undecumum¹⁴)
624 4225 779 4287 duodecim
812 4227 1054 4289 frumentationes
1094 4231 1244 4290 frumento
1283 4230 1421 4310 priuatim
1460 4232 1608 4313 columpio

326 4329 511 4408 emensus¹⁵)
562 4346 628 4390 sum
680 4338 710 4391 et
754 4328 909 4390 tribunicia
952 4339 1097 4410 potestate
1140 4332 1347 4394 duodecimum
1392 4334 1608 4415 quadringenos

300 4502 320 4568 ¹)
338 4516 452 4553 roruaeae
466 4501 494 4552 V
574 4502 594 4563 1)
613 4502 727 4553 inirem
803 4504 824 4565 8)
843 4502 981 4567 conlegae
1057 4504 1079 4569 ⁴)
1097 4505 1359 4570 quadragensimum
1435 4508 1457 4570 ⁶)
1475 4510 1522 4557 irae.
1537 4512 1609 4560 inm

196 4588 359 4655 pareutlreree
377 4586 429 4652 legi
449 4587 475 4637 V
574 4588 596 4651 ο)
620 4589 668 4637 ine.
688 4590 760 4639 iutra
775 4588 942 4655 parentiores
960 4589 1012 4655 legi
1031 4589 1060 4642 V
1157 4591 1177 4653 7)
1196 4606 1226 4641 co
1244 4596 1304 4642 cute
1320 4592 1388 4642 eiuio
1407 4597 1562 4660 expunctum
1581 4594 1610 4646 V

198 4674 220 4736 ι)
245 4689 368 4725 caussae
479 4674 499 4737 ο)
522 4673 694 4738 disignavltu
808 4674 837 4737 ¹⁰)
860 4682 888 4725 et
908 4677 991 4725 lorea
1102 4675 1194 4741 11)...
1219 4678 1307 4727 inm
1419 4679 1608 4740 ¹¹)non1ineu

201 4760 231 4827 ²⁸)
249 4775 334 4811 aerum
355 4758 410 4809 erui
428 4774 442 4808 u
542 4758 575 4822 ¹⁴)
593 4760 751 4811 undecimum
768 4776 782 4809 o
883 4758 917 4820 ¹⁸)
935 4769 1049 4826 coempto
1067 4761 1194 4813 dimensus
1212 4777 1227 4811 u
