3525 5417
743 351 792 420 VI,
814 354 881 408 1-3
1422 352 1483 416 137

138 537 213 618 quod
244 534 348 598 scribit
374 537 461 598 huius
491 535 551 595 aevi
579 542 681 594 auctor
706 533 837 594 Isidorus
864 532 1047 595 Characenus
1075 533 1261 594 mansionum
1284 531 1485 593 Parthicarum

138 661 162 703 c.
179 645 193 701 1
219 641 268 721 (el.
284 638 387 700 blriller
407 637 438 698 in
454 637 543 718 prael.
559 637 615 697 rol.
633 638 649 697 1
674 655 770 716 geogr.
791 636 863 698 min.
879 657 909 716 p.
925 635 1048 715 tssxnlz
1071 635 1169 718 νῆσος
1188 633 1272 697 κατὰ
1285 633 1343 698 τὸν
1353 629 1486 718 Εὐφρά-

137 766 194 826 την
295 741 443 805 ἐνταῦθα
468 736 553 817 γάζα
585 733 625 822 ἦν
651 736 805 822 Φραάτου
831 739 890 803 τοῦ
913 735 1168 822 ἀποσφάξαντας
1189 732 1248 812 τὰς
1270 735 1485 813 παλλακίδας,

138 843 190 909 ὅτε
209 840 392 928 Τηριδάτης
414 841 520 926 φυγὰς
544 839 587 906 o’iv
609 841 788 924 εἰσέβαλεν.
825 843 910 917 Quod
934 843 958 905 si
974 863 1078 906 uxores
1093 843 1232 905 Phraates
1248 850 1310 904 tum
1327 842 1485 915 interemit,

136 969 172 1012 ne
186 970 203 1011 a
218 948 346 1010 Tiridate
360 955 543 1028 caperentur,
566 966 626 1008 non
642 946 774 1008 absimile
788 947 849 1008 reri
865 955 911 1008 est
925 947 980 1008 hac
995 945 1057 1027 ipsa
1073 946 1240 1008 incursione
1255 947 1334 1008 hunc
1349 946 1408 1007 filio
1423 935 1486 1006 eius

137 1053 262 1136 potitum
278 1071 352 1124 esse,
374 1069 462 1130 quem
479 1058 554 1112 teste
568 1051 682 1112 lustino
696 1049 896 1129 neglegentius
911 1049 1090 1112 custoditum
1107 1049 1213 1130 rapuit.
1229 1085 1269 1094 -
1285 1049 1327 1110 hd
1342 1049 1371 1110 id
1386 1050 1484 1130 ipsum

137 1161 260 1218 fortasse
287 1164 401 1237 spectat
426 1154 505 1235 quod
532 1155 588 1216 hoc
617 1155 681 1216 loco
712 1154 861 1234 Augustus
889 1154 992 1216 scribit
1018 1153 1184 1234 confugisse
1210 1155 1245 1216 ad
1273 1173 1305 1214 se
1331 1153 1486 1214 Phraatem

136 1262 213 1340 regis
239 1258 373 1320 Phraatis
401 1258 504 1319 lilium.
555 1258 625 1320 Eius
651 1257 782 1320 nominis
811 1277 888 1319 unus
917 1265 1031 1319 tantum
1059 1267 1147 1320 notus
1175 1267 1232 1331 est,
1260 1256 1369 1319 scilicet
1390 1256 1415 1317 is
1437 1257 1488 1336 qui

137 1383 205 1426 cum
227 1361 367 1424 lratribus
390 1361 485 1423 tribus
507 1361 593 1424 obses
615 1382 631 1423 a
652 1369 734 1442 patre
757 1359 866 1422 missus
888 1369 934 1422 est
947 1361 1071 1422 Romam
1094 1380 1120 1422 c.
1135 1381 1160 1423 a.
1178 1363 1238 1422 745
1261 1361 1301 1441 (v.
1317 1380 1345 1442 p.
1363 1360 1434 1436 140)
1458 1368 1488 1421 et

137 1478 205 1549 post
234 1485 328 1529 annos
355 1465 422 1547 plus
448 1465 639 1546 quadraginta
666 1485 691 1526 a.
707 1485 735 1546 p.
751 1465 783 1527 C.
799 1463 838 1525 35
866 1465 982 1527 Parthis
1009 1483 1107 1544 regem
1134 1464 1301 1547 petentibus
1328 1483 1344 1525 a
1371 1462 1488 1524 Tiberio

135 1571 268 1634 redditus
291 1570 371 1649 (Tac.
394 1588 462 1631 anu.
478 1569 507 1643 6,
524 1569 581 1643 31;
608 1568 727 1642 nicta,
745 1567 807 1647 16).
849 1567 887 1628 ht
915 1568 951 1629 de
977 1569 1103 1630 adventu
1126 1567 1188 1630 eius
1210 1587 1235 1630 a.
1253 1568 1313 1629 745
1341 1568 1397 1629 hoc
1424 1568 1487 1628 loco

136 1674 256 1755 cogitari
278 1674 394 1754 nequit3
422 1692 517 1755 neque
539 1674 618 1735 enim
640 1671 771 1752 conlugit
794 1679 856 1733 tum
879 1670 915 1732 ad
937 1671 1102 1751 Augustum
1126 1690 1180 1733 nee
1201 1672 1345 1734 rationem
1368 1669 1488 1732 haberet

135 1798 170 1839 ex
195 1786 334 1858 quattuor
354 1777 494 1839 fratribus
518 1795 610 1839 unum
632 1795 688 1838 neo
709 1785 779 1837 natu
803 1774 964 1836 maximum
984 1776 1063 1852 (Tae.
1079 1793 1146 1837 ann.
1163 1775 1192 1850 2,
1216 1775 1249 1856 2)
1271 1777 1309 1837 ita
1333 1774 1487 1848 nominari,

136 1900 207 1943 cum
229 1881 401 1962 praesertim
423 1881 520 1961 paullo
541 1889 610 1961 post
631 1881 696 1941 data
718 1897 804 1960 opera
827 1878 863 1940 de
878 1878 1029 1940 obsidibus
1045 1879 1129 1960 regiis
1143 1888 1253 1959 agatur.
1283 1878 1373 1940 Filius
1389 1887 1487 1939 autem

136 1984 271 2046 Phraatis
293 1992 365 2045 natu
387 1984 528 2045 minimus
550 2002 639 2064 quem
661 2003 677 2044 a
699 1983 826 2045 Tiridate
841 1982 982 2045 Romanis
1005 1983 1145 2045 traditum
1168 2002 1233 2044 esse
1248 1981 1336 2044 modo
1350 1981 1487 2055 diximus,

135 2107 206 2149 cum
232 2106 292 2167 quo
314 2086 434 2149 nomine
455 2087 544 2149 luerit
564 2083 728 2167 ignoretur,
755 2085 829 2147 nihil
850 2086 982 2167 impedit,
1005 2085 1165 2166 quominus
1193 2086 1271 2148 idem
1299 2085 1401 2160 luerit,
1431 2085 1488 2147 ita-

134 2211 195 2272 que
227 2191 264 2252 ad
296 2190 359 2252 cius
386 2190 544 2252 adventum
574 2191 702 2273 priorem
729 2190 809 2251 hunc
835 2190 933 2252 locum
961 2190 1133 2252 rettulerim.
1182 2191 1224 2251 lta
1254 2189 1389 2252 convenit
1410 2189 1489 2269 quod

134 2295 241 2356 scribit
260 2295 411 2374 Augustus
425 2293 579 2356 Phraatem
602 2294 694 2355 lilium
718 2293 832 2354 venisse
855 2294 891 2354 ad
915 2311 946 2354 se
967 2302 1036 2374 post
1049 2288 1218 2355 Tiridatem.
1257 2293 1332 2354 Saue
1354 2291 1408 2353 alia
1427 2311 1488 2353 non

134 2396 333 2460 conveniunt:
363 2416 431 2458 nam
459 2398 620 2458 secundum
652 2406 807 2459 auctorum
837 2396 1036 2458 narrationem
1058 2416 1132 2477 puer
1157 2396 1205 2458 hic
1226 2395 1302 2475 regis
1324 2395 1401 2456 lilius
1423 2395 1487 2468 luit,

135 2521 197 2564 non
226 2520 278 2561 rex
300 2501 490 2575 Parthorum,
517 2520 570 2562 nec
600 2501 733 2580 confugit
759 2500 795 2562 ad
817 2501 996 2580 Augustum,
1028 2499 1077 2561 sed
1106 2500 1133 2561 ri
1161 2509 1262 2581 raptus
1288 2500 1322 2562 ad
1346 2519 1413 2561 eum
1436 2499 1489 2561 ad-

136 2608 245 2669 ductus
267 2613 321 2678 est,
345 2613 379 2665 ut
401 2604 515 2665 mittam
538 2623 606 2666 eum
628 2604 668 2666 ita
691 2603 811 2665 rediisse
833 2604 864 2664 in
886 2604 1009 2684 patriam
1032 2607 1092 2664 lere
1114 2603 1386 2683 septuagenarium,
1409 2604 1487 2682 quod

135 2729 205 2771 vere
229 2709 429 2770 difficultatem
451 2726 513 2769 non
535 2707 631 2770 habet
668 2707 706 2770 ht
720 2707 863 2795 Tiridates
884 2716 1001 2788 raptum
1021 2705 1061 2768 ita
1077 2715 1172 2786 tegere
1187 2706 1292 2788 potuit,
1316 2715 1349 2768 ut
1362 2724 1487 2787 puerum

135 2812 307 2894 perhiberet
327 2820 431 2892 sponte
453 2811 568 2872 Caesari
591 2830 623 2872 se
646 2810 773 2885 tradere3
799 2811 895 2891 potuit
915 2813 1052 2882 fortasse,
1079 2829 1149 2872 cum
1171 2809 1342 2891 praesertim
1365 2808 1489 2889 ipsiius

134 2917 166 2978 in
189 2933 313 2996 regnum
338 2913 546 2976 hereditarium
569 2915 684 2977 nullum
706 2923 785 2976 esset
800 2913 970 2990 (Tiridatem
994 2915 1151 2995 quendam,
1173 2911 1248 2976 τινὰ
1269 2921 1404 2975 auctores
1420 2931 1488 2974 eum

135 3023 236 3083 dicere
261 3017 414 3098 vidimus),
443 3037 511 3080 cum
533 3037 625 3099 puero
648 3037 682 3078 eo
705 3036 828 3097 regnum
852 3018 995 3099 spondere
1018 3038 1082 3080 sese
1105 3017 1391 3080 communicaturum
1414 3035 1488 3078 esse.

135 3125 220 3198 Quae
248 3122 273 3184 si
300 3122 340 3183 ita
368 3123 404 3184 ad
427 3123 590 3200 Augustum
618 3120 777 3194 relerebat,
811 3129 973 3202 potuerunt
1001 3123 1045 3184 rel
1074 3123 1146 3184 adeo
1173 3121 1340 3183 debuerunt
1361 3120 1432 3182 haec
1453 3119 1489 3180 ah

135 3229 271 3307 Augusto
297 3225 336 3287 ita
363 3225 476 3286 narrari
504 3233 537 3286 ut
563 3228 671 3286 laetum
700 3233 754 3286 est
781 3261 823 3268 -
849 3225 998 3286 Diversam
1025 3226 1101 3288 riam
1130 3228 1279 3306 ingressus
1305 3225 1490 3286 hormannus

134 3331 263 3393 coniecit
275 3329 430 3391 Phraatem
453 3329 532 3389 hunc
553 3347 620 3389 eum
643 3348 717 3402 esse,
740 3348 827 3407 quem
843 3329 985 3408 Iosephus
1008 3331 1079 3402 (ant.
1098 3328 1145 3402 18,
1169 3328 1198 3400 2,
1221 3328 1255 3407 4)
1273 3337 1301 3390 et
1315 3328 1368 3390 Dio
1388 3329 1489 3408 (supra

135 3455 164 3516 p.
184 3433 244 3494 113
267 3440 327 3494 not.
344 3433 375 3509 3)
390 3432 578 3494 Phraatacem
601 3432 756 3512 appellant,
778 3432 853 3511 regis
868 3432 1001 3494 Phraatis
1023 3433 1116 3494 hlium
1139 3432 1262 3494 nothum
1286 3441 1316 3494 et
1337 3451 1489 3495 successo-

135 3557 219 3611 rem,
241 3553 310 3598 nam
332 3536 389 3596 duo
411 3535 531 3597 nomina
553 3535 683 3597 eiusdem
706 3538 766 3597 sere
789 3535 1009 3615 significationis
1031 3535 1206 3598 commutari
1225 3535 1356 3616 potuisse
1371 3544 1489 3615 atquae

135 3643 173 3704 de
203 3639 283 3702 exitu
305 3639 471 3701 Phraataeis
493 3640 634 3721 Iosephus
656 3648 755 3702 narrat
777 3635 903 3711 (στάσει
927 3637 1141 3722 περιελαθεὶς
1165 3635 1324 3721 πρότερον
1345 3636 1365 3723 ἢ
1387 3639 1489 3722 φῦναι

134 3740 239 3826 μέγας
262 3741 421 3814 ἐξέπιπτε
441 3741 506 3804 τῶν
528 3737 730 3823 πραγμάτων
751 3741 807 3804 καὶ
831 3737 915 3804 οὕτω
939 3739 1091 3824 θνήσκει)
1108 3762 1175 3804 cum
1191 3746 1258 3822 luga
1273 3743 1309 3804 ad
1323 3744 1488 3822 Augustum

136 3865 227 3929 posse
248 3845 405 3908 conciliari.
442 3846 513 3907 llihi
534 3846 605 3907 haec
626 3846 793 3908 coniectura
814 3845 903 3907 etiam
925 3846 1063 3908 audacior
1083 3846 1199 3908 videtur
1212 3865 1300 3926 quam
1317 3865 1405 3927 supra
1420 3865 1490 3926 pro-

136 3951 234 4032 posita
261 3951 414 4012 temeraria
443 3967 513 4012 saue
540 3958 570 4011 et
594 3948 665 4030 ipsa.
717 3949 791 4011 Nam
814 3949 934 4010 nomina
957 3949 1073 4031 propria
1096 3968 1274 4030 quamquam
1297 3951 1374 4012 idem
1398 3949 1490 4028 signi-

135 4058 244 4128 ficent,
277 4054 354 4134 apud
381 4055 506 4117 Parthos
544 4073 604 4116 non
637 4053 730 4134 magis
756 4072 845 4133 quam
871 4053 948 4134 apud
975 4052 1122 4114 Romanos
1150 4053 1311 4135 permutari
1337 4052 1490 4115 Eduardus

138 4160 255 4222 Sachau
274 4157 382 4238 collega
396 4157 432 4220 de
447 4177 526 4219 aare
541 4158 738 4237 interrogatus
753 4155 912 4238 respondit.
950 4155 1059 4218 Deinde
1074 4176 1125 4218 rex
1140 4157 1317 4220 Parthorum
1332 4155 1490 4237 legitimus,

137 4261 234 4344 qualis
249 4261 312 4322 sine
327 4261 415 4323 dubio
430 4262 603 4323 Phraataces
625 4262 690 4336 luit,
712 4261 913 4323 Romanorum
936 4279 989 4342 par
1010 4262 1175 4343 complures
1198 4280 1290 4324 annos
1309 4260 1491 4322 adversarius

137 4367 164 4428 si
178 4365 321 4427 Romanis
342 4383 374 4426 se
396 4364 568 4440 dedidisset,
590 4364 619 4425 id
642 4367 748 4447 opinor
769 4383 829 4426 non
850 4363 1062 4444 ignoraremus.
1085 4401 1127 4408 —
1148 4366 1191 4427 hd
1215 4374 1331 4446 tempus
1352 4364 1431 4445 quod
1446 4373 1492 4426 at·

137 4471 228 4542 tinet,
250 4467 390 4530 differunt
411 4469 533 4531 omniuo
555 4468 608 4530 Dio
634 4477 665 4530 et
685 4467 830 4541 lustinus,
858 4467 910 4528 sed
938 4476 971 4529 ut
995 4469 1078 4530 facile
1104 4469 1306 4534 concilientur.
1356 4467 1430 4529 Nam
1457 4475 1491 4530 ut

137 4577 226 4653 fugae
248 4572 383 4634 Tiridatis
405 4592 516 4635 annum
538 4572 591 4634 bio
613 4581 691 4635 recte
714 4570 841 4646 tradidit,
862 4571 903 4634 ita
924 4571 961 4634 de
982 4571 1045 4634 eius
1068 4573 1246 4654 profectione
1268 4572 1303 4634 ad
1325 4571 1491 4652 Augustum

137 4695 210 4740 eum
231 4674 291 4737 fibo
313 4675 446 4739 Phraatis
468 4678 616 4740 lustinum
645 4676 742 4758 potius
774 4695 948 4757 sequemur,
979 4678 1141 4741 secundum
1171 4697 1260 4758 quem
1283 4676 1426 4739 Tiridates
1455 4676 1492 4739 ad

139 4783 294 4843 Gaesarem
316 4781 397 4843 venit
416 4786 448 4844 in
462 4782 601 4864 llhpomb
623 4782 728 4845 bellum
749 4794 810 4846 tum
830 4785 966 4863 temporis
985 4793 1136 4864 perentam,
1158 4781 1189 4844 id
1211 4791 1258 4843 est
1277 4798 1353 4843 anno
1369 4778 1431 4841 728
1447 4781 1492 4843 rel
