<?xml version="1.0" encoding="UTF-8"?>
<!DOCTYPE html PUBLIC "-//W3C//DTD XHTML 1.0 Transitional//EN"
    "http://www.w3.org/TR/xhtml1/DTD/xhtml1-transitional.dtd">
<html xmlns="http://www.w3.org/1999/xhtml" xml:lang="en" lang="en">
 <head>
  <title>
</title>
<meta http-equiv="Content-Type" content="text/html;charset=utf-8" />
  <meta name='ocr-system' content='tesseract 3.04.00' />
  <meta name='ocr-capabilities' content='ocr_page ocr_carea ocr_par ocr_line ocrx_word'/>
</head>
<body>
  <div class='ocr_page' id='page_1' title='image "./resgestaediviau00mommgoog_0220.png"; bbox 0 0 3525 5417; ppageno 0'>
   <div class='ocr_carea' id='block_1_1' title="bbox 246 317 996 387">
    <p class='ocr_par' dir='ltr' id='par_1_1' title="bbox 246 317 996 387">
     <span class='ocr_line' id='line_1_1' title="bbox 246 317 996 387; baseline 0.003 -15"><span class='ocrx_word' id='word_1_1' title='bbox 246 325 311 387; x_wconf 83' lang='lat'>116</span> <span class='ocrx_word' id='word_1_2' title='bbox 839 317 873 386; x_wconf 82' lang='lat' dir='ltr'>V,</span> <span class='ocrx_word' id='word_1_3' title='bbox 893 319 996 376; x_wconf 72' lang='lat'>24-31</span> 
     </span>
    </p>
   </div>
   <div class='ocr_carea' id='block_1_2' title="bbox 244 497 1604 1923">
    <p class='ocr_par' dir='ltr' id='par_1_2' title="bbox 244 497 1604 1923">
     <span class='ocr_line' id='line_1_2' title="bbox 244 497 1598 580; baseline 0.001 -19"><span class='ocrx_word' id='word_1_4' title='bbox 244 500 324 580; x_wconf 89' lang='lat' dir='ltr'>regio</span> <span class='ocrx_word' id='word_1_5' title='bbox 356 518 462 580; x_wconf 79' lang='lat' dir='ltr'>genere</span> <span class='ocrx_word' id='word_1_6' title='bbox 487 497 695 561; x_wconf 74' lang='lat' dir='ltr'>Armeniorum</span> <span class='ocrx_word' id='word_1_7' title='bbox 726 498 886 563; x_wconf 90' lang='lat' dir='ltr'>oriundum</span> <span class='ocrx_word' id='word_1_8' title='bbox 913 517 976 560; x_wconf 88' lang='lat' dir='ltr'>esse</span> <span class='ocrx_word' id='word_1_9' title='bbox 1005 498 1155 579; x_wconf 87' lang='lat' dir='ltr'>Augustus</span> <span class='ocrx_word' id='word_1_10' title='bbox 1183 498 1300 573; x_wconf 89' lang='lat' dir='ltr'>scribat,</span> <span class='ocrx_word' id='word_1_11' title='bbox 1327 499 1491 562; x_wconf 79' lang='lat' dir='ltr'>accuratius</span> <span class='ocrx_word' id='word_1_12' title='bbox 1518 499 1598 562; x_wconf 90' lang='lat' dir='ltr'>unde</span> 
     </span>
     <span class='ocr_line' id='line_1_3' title="bbox 245 601 1600 684; baseline 0.001 -20"><span class='ocrx_word' id='word_1_13' title='bbox 245 603 360 666; x_wconf 85' lang='lat' dir='ltr'>venerit</span> <span class='ocrx_word' id='word_1_14' title='bbox 386 623 422 665; x_wconf 90' lang='lat' dir='ltr'>ex</span> <span class='ocrx_word' id='word_1_15' title='bbox 451 602 486 664; x_wconf 89' lang='lat' dir='ltr'>iis</span> <span class='ocrx_word' id='word_1_16' title='bbox 511 601 699 681; x_wconf 89' lang='lat' dir='ltr'>intellegitur,</span> <span class='ocrx_word' id='word_1_17' title='bbox 728 621 803 682; x_wconf 91' lang='lat' dir='ltr'>quae</span> <span class='ocrx_word' id='word_1_18' title='bbox 831 603 867 664; x_wconf 90' lang='lat' dir='ltr'>de</span> <span class='ocrx_word' id='word_1_19' title='bbox 897 603 983 665; x_wconf 89' lang='lat' dir='ltr'>caede</span> <span class='ocrx_word' id='word_1_20' title='bbox 1010 603 1074 664; x_wconf 92' lang='lat' dir='ltr'>eius</span> <span class='ocrx_word' id='word_1_21' title='bbox 1095 622 1121 664; x_wconf 92' lang='lat' dir='ltr'>a.</span> <span class='ocrx_word' id='word_1_22' title='bbox 1137 622 1167 683; x_wconf 88' lang='lat' dir='ltr'>p.</span> <span class='ocrx_word' id='word_1_23' title='bbox 1183 601 1250 664; x_wconf 85' lang='lat' dir='ltr'>Chr.</span> <span class='ocrx_word' id='word_1_24' title='bbox 1267 603 1307 665; x_wconf 87' lang='grc'>36</span> <span class='ocrx_word' id='word_1_25' title='bbox 1335 611 1447 684; x_wconf 75' lang='grc' dir='ltr'>μείνειε</span> <span class='ocrx_word' id='word_1_26' title='bbox 1476 613 1600 665; x_wconf 73' lang='lat' dir='ltr'>nutant</span> 
     </span>
     <span class='ocr_line' id='line_1_4' title="bbox 246 704 1597 788; baseline 0.001 -21"><span class='ocrx_word' id='word_1_27' title='bbox 246 704 366 767; x_wconf 80' lang='lat' dir='ltr'>Tacitus</span> <span class='ocrx_word' id='word_1_28' title='bbox 388 708 467 781; x_wconf 91' lang='lat' dir='ltr'>(ann.</span> <span class='ocrx_word' id='word_1_29' title='bbox 484 705 513 779; x_wconf 88' lang='grc'>6,</span> <span class='ocrx_word' id='word_1_30' title='bbox 530 705 580 766; x_wconf 88' lang='grc'>40.</span> <span class='ocrx_word' id='word_1_31' title='bbox 598 706 646 778; x_wconf 87' lang='grc'>14,</span> <span class='ocrx_word' id='word_1_32' title='bbox 663 704 717 785; x_wconf 80' lang='grc'>26)</span> <span class='ocrx_word' id='word_1_33' title='bbox 738 714 769 767; x_wconf 90' lang='lat' dir='ltr'>et</span> <span class='ocrx_word' id='word_1_34' title='bbox 790 707 932 788; x_wconf 82' lang='lat' dir='ltr'>Iosephus</span> <span class='ocrx_word' id='word_1_35' title='bbox 955 710 1026 782; x_wconf 90' lang='lat' dir='ltr'>(ant.</span> <span class='ocrx_word' id='word_1_36' title='bbox 1044 705 1093 780; x_wconf 86' lang='grc'>18,</span> <span class='ocrx_word' id='word_1_37' title='bbox 1110 707 1138 780; x_wconf 86' lang='lat'>5,</span> <span class='ocrx_word' id='word_1_38' title='bbox 1155 707 1174 766; x_wconf 91' lang='grc'>4</span> <span class='ocrx_word' id='word_1_39' title='bbox 1197 706 1262 767; x_wconf 88' lang='lat' dir='ltr'>coll.</span> <span class='ocrx_word' id='word_1_40' title='bbox 1280 707 1328 778; x_wconf 83' lang='grc'>17,</span> <span class='ocrx_word' id='word_1_41' title='bbox 1346 709 1374 780; x_wconf 90' lang='grc'>1,</span> <span class='ocrx_word' id='word_1_42' title='bbox 1392 706 1456 767; x_wconf 81' lang='lat'>1.2</span> <span class='ocrx_word' id='word_1_43' title='bbox 1478 715 1509 769; x_wconf 89' lang='lat' dir='ltr'>et</span> <span class='ocrx_word' id='word_1_44' title='bbox 1529 707 1597 769; x_wconf 88' lang='lat' dir='ltr'>hell.</span> 
     </span>
     <span class='ocr_line' id='line_1_5' title="bbox 245 807 1599 890; baseline 0 -18"><span class='ocrx_word' id='word_1_45' title='bbox 245 810 308 872; x_wconf 89' lang='lat' dir='ltr'>Iud.</span> <span class='ocrx_word' id='word_1_46' title='bbox 327 811 354 884; x_wconf 93' lang='grc'>1,</span> <span class='ocrx_word' id='word_1_47' title='bbox 370 807 420 883; x_wconf 79' lang='lat'>28,</span> <span class='ocrx_word' id='word_1_48' title='bbox 439 810 479 885; x_wconf 87' lang='grc'>1).</span> <span class='ocrx_word' id='word_1_49' title='bbox 515 807 631 871; x_wconf 83' lang='lat' dir='ltr'>Scilicet</span> <span class='ocrx_word' id='word_1_50' title='bbox 646 808 816 884; x_wconf 75' lang='lat' dir='ltr'>Alexander,</span> <span class='ocrx_word' id='word_1_51' title='bbox 837 809 915 890; x_wconf 92' lang='lat' dir='ltr'>regis</span> <span class='ocrx_word' id='word_1_52' title='bbox 930 809 1105 872; x_wconf 88' lang='lat' dir='ltr'>Iudaeorum</span> <span class='ocrx_word' id='word_1_53' title='bbox 1121 807 1243 870; x_wconf 86' lang='lat' dir='ltr'>Ilerodis</span> <span class='ocrx_word' id='word_1_54' title='bbox 1260 809 1355 888; x_wconf 80' lang='lat' dir='ltr'>Magni</span> <span class='ocrx_word' id='word_1_55' title='bbox 1377 817 1407 870; x_wconf 89' lang='lat' dir='ltr'>et</span> <span class='ocrx_word' id='word_1_56' title='bbox 1421 809 1599 872; x_wconf 76' lang='grc' dir='ltr'>Μειίειεεεε</span> 
     </span>
     <span class='ocr_line' id='line_1_6' title="bbox 245 910 1601 995; baseline 0.001 -21"><span class='ocrx_word' id='word_1_57' title='bbox 245 912 333 986; x_wconf 90' lang='lat' dir='ltr'>lilius,</span> <span class='ocrx_word' id='word_1_58' title='bbox 357 932 392 973; x_wconf 91' lang='lat' dir='ltr'>ex</span> <span class='ocrx_word' id='word_1_59' title='bbox 415 911 559 993; x_wconf 77' lang='lat' dir='ltr'>Glaphyro</span> <span class='ocrx_word' id='word_1_60' title='bbox 580 910 639 972; x_wconf 87' lang='lat' dir='ltr'>bba</span> <span class='ocrx_word' id='word_1_61' title='bbox 659 912 792 974; x_wconf 80' lang='lat' dir='ltr'>Archelai</span> <span class='ocrx_word' id='word_1_62' title='bbox 813 913 891 993; x_wconf 89' lang='lat' dir='ltr'>regis</span> <span class='ocrx_word' id='word_1_63' title='bbox 913 911 1109 993; x_wconf 81' lang='lat' dir='ltr'>Cappadociae</span> <span class='ocrx_word' id='word_1_64' title='bbox 1137 911 1234 974; x_wconf 78' lang='lat' dir='ltr'>ultirm</span> <span class='ocrx_word' id='word_1_65' title='bbox 1262 912 1338 974; x_wconf 88' lang='lat' dir='ltr'>filios</span> <span class='ocrx_word' id='word_1_66' title='bbox 1367 913 1441 975; x_wconf 92' lang='lat' dir='ltr'>duos</span> <span class='ocrx_word' id='word_1_67' title='bbox 1468 915 1601 995; x_wconf 91' lang='lat' dir='ltr'>suscepit</span> 
     </span>
     <span class='ocr_line' id='line_1_7' title="bbox 245 1013 1602 1099; baseline 0 -21"><span class='ocrx_word' id='word_1_68' title='bbox 245 1015 442 1078; x_wconf 87' lang='lat' dir='ltr'>Alexandrum</span> <span class='ocrx_word' id='word_1_69' title='bbox 471 1023 502 1076; x_wconf 92' lang='lat' dir='ltr'>et</span> <span class='ocrx_word' id='word_1_70' title='bbox 529 1013 688 1094; x_wconf 82' lang='lat' dir='ltr'>Tigranen,</span> <span class='ocrx_word' id='word_1_71' title='bbox 715 1034 843 1096; x_wconf 89' lang='lat' dir='ltr'>quorum</span> <span class='ocrx_word' id='word_1_72' title='bbox 868 1016 943 1078; x_wconf 87' lang='lat' dir='ltr'>alter</span> <span class='ocrx_word' id='word_1_73' title='bbox 975 1015 1115 1096; x_wconf 83' lang='lat' dir='ltr'>Tigranes</span> <span class='ocrx_word' id='word_1_74' title='bbox 1144 1015 1293 1078; x_wconf 78' lang='lat' dir='ltr'>Armeuehc</span> <span class='ocrx_word' id='word_1_75' title='bbox 1326 1017 1470 1099; x_wconf 75' lang='lat' dir='ltr'>quondum</span> <span class='ocrx_word' id='word_1_76' title='bbox 1492 1021 1602 1096; x_wconf 81' lang='lat' dir='ltr'>potitus</span> 
     </span>
     <span class='ocr_line' id='line_1_8' title="bbox 246 1113 1600 1201; baseline -0.001 -20"><span class='ocrx_word' id='word_1_77' title='bbox 246 1120 299 1200; x_wconf 88' lang='lat' dir='ltr'>(ita</span> <span class='ocrx_word' id='word_1_78' title='bbox 332 1119 451 1181; x_wconf 88' lang='lat' dir='ltr'>Tacitus</span> <span class='ocrx_word' id='word_1_79' title='bbox 483 1117 648 1180; x_wconf 85' lang='lat' dir='ltr'>accuratius</span> <span class='ocrx_word' id='word_1_80' title='bbox 680 1137 769 1198; x_wconf 89' lang='lat' dir='ltr'>quam</span> <span class='ocrx_word' id='word_1_81' title='bbox 805 1119 947 1201; x_wconf 89' lang='lat' dir='ltr'>Iosephus</span> <span class='ocrx_word' id='word_1_82' title='bbox 980 1114 1165 1200; x_wconf 77' lang='grc' dir='ltr'>βασιλεύων</span> <span class='ocrx_word' id='word_1_83' title='bbox 1193 1113 1377 1201; x_wconf 77' lang='grc' dir='ltr'>Ἀρμενίας)</span> <span class='ocrx_word' id='word_1_84' title='bbox 1406 1138 1433 1180; x_wconf 88' lang='grc' dir='ltr'>ε.</span> <span class='ocrx_word' id='word_1_85' title='bbox 1455 1139 1482 1200; x_wconf 95' lang='lat' dir='ltr'>p.</span> <span class='ocrx_word' id='word_1_86' title='bbox 1505 1119 1536 1182; x_wconf 86' lang='lat' dir='ltr'>C.</span> <span class='ocrx_word' id='word_1_87' title='bbox 1559 1117 1600 1180; x_wconf 84' lang='grc'>36</span> 
     </span>
     <span class='ocr_line' id='line_1_9' title="bbox 245 1219 1600 1303; baseline 0 -19"><span class='ocrx_word' id='word_1_88' title='bbox 245 1222 354 1284; x_wconf 90' lang='lat' dir='ltr'>Tiberii</span> <span class='ocrx_word' id='word_1_89' title='bbox 376 1222 459 1284; x_wconf 93' lang='lat' dir='ltr'>iussu</span> <span class='ocrx_word' id='word_1_90' title='bbox 487 1223 524 1284; x_wconf 92' lang='lat' dir='ltr'>ad</span> <span class='ocrx_word' id='word_1_91' title='bbox 552 1221 727 1303; x_wconf 89' lang='lat' dir='ltr'>supphcium</span> <span class='ocrx_word' id='word_1_92' title='bbox 757 1223 863 1285; x_wconf 89' lang='lat' dir='ltr'>duetus</span> <span class='ocrx_word' id='word_1_93' title='bbox 891 1230 1018 1284; x_wconf 88' lang='lat' dir='ltr'>estnec</span> <span class='ocrx_word' id='word_1_94' title='bbox 1044 1219 1151 1283; x_wconf 88' lang='lat' dir='ltr'>hberos</span> <span class='ocrx_word' id='word_1_95' title='bbox 1184 1221 1312 1302; x_wconf 88' lang='lat' dir='ltr'>rehquit,</span> <span class='ocrx_word' id='word_1_96' title='bbox 1345 1222 1466 1284; x_wconf 87' lang='lat' dir='ltr'>alterius</span> <span class='ocrx_word' id='word_1_97' title='bbox 1500 1231 1600 1284; x_wconf 90' lang='lat' dir='ltr'>autem</span> 
     </span>
     <span class='ocr_line' id='line_1_10' title="bbox 246 1323 1602 1407; baseline 0.001 -21"><span class='ocrx_word' id='word_1_98' title='bbox 246 1325 297 1386; x_wconf 89' lang='lat' dir='ltr'>lilii</span> <span class='ocrx_word' id='word_1_99' title='bbox 318 1325 474 1387; x_wconf 83' lang='lat' dir='ltr'>Alexandri</span> <span class='ocrx_word' id='word_1_100' title='bbox 496 1324 574 1386; x_wconf 90' lang='lat' dir='ltr'>lilius</span> <span class='ocrx_word' id='word_1_101' title='bbox 595 1324 736 1405; x_wconf 84' lang='lat' dir='ltr'>Tigranes</span> <span class='ocrx_word' id='word_1_102' title='bbox 758 1335 860 1407; x_wconf 90' lang='lat' dir='ltr'>postea</span> <span class='ocrx_word' id='word_1_103' title='bbox 881 1345 898 1386; x_wconf 93' lang='lat' dir='ltr'>a</span> <span class='ocrx_word' id='word_1_104' title='bbox 919 1323 1036 1386; x_wconf 88' lang='lat' dir='ltr'>Nerone</span> <span class='ocrx_word' id='word_1_105' title='bbox 1058 1343 1083 1386; x_wconf 94' lang='lat' dir='ltr'>a.</span> <span class='ocrx_word' id='word_1_106' title='bbox 1099 1345 1128 1405; x_wconf 93' lang='lat' dir='ltr'>p.</span> <span class='ocrx_word' id='word_1_107' title='bbox 1145 1325 1175 1386; x_wconf 90' lang='lat' dir='ltr'>C.</span> <span class='ocrx_word' id='word_1_108' title='bbox 1192 1327 1232 1388; x_wconf 86' lang='grc'>60</span> <span class='ocrx_word' id='word_1_109' title='bbox 1256 1345 1307 1388; x_wconf 93' lang='lat' dir='ltr'>rex</span> <span class='ocrx_word' id='word_1_110' title='bbox 1328 1326 1483 1389; x_wconf 88' lang='lat' dir='ltr'>Armeniae</span> <span class='ocrx_word' id='word_1_111' title='bbox 1505 1329 1602 1388; x_wconf 85' lang='lat' dir='ltr'>factus</span> 
     </span>
     <span class='ocr_line' id='line_1_11' title="bbox 246 1427 1603 1511; baseline 0.001 -21"><span class='ocrx_word' id='word_1_112' title='bbox 246 1437 298 1491; x_wconf 89' lang='lat' dir='ltr'>est</span> <span class='ocrx_word' id='word_1_113' title='bbox 344 1428 426 1490; x_wconf 89' lang='lat' dir='ltr'>Ilane</span> <span class='ocrx_word' id='word_1_114' title='bbox 446 1427 601 1489; x_wconf 91' lang='lat' dir='ltr'>Alexandri</span> <span class='ocrx_word' id='word_1_115' title='bbox 629 1428 750 1511; x_wconf 89' lang='lat' dir='ltr'>stirpem</span> <span class='ocrx_word' id='word_1_116' title='bbox 778 1429 967 1491; x_wconf 86' lang='lat' dir='ltr'>coniunctam</span> <span class='ocrx_word' id='word_1_117' title='bbox 996 1427 1087 1490; x_wconf 87' lang='lat' dir='ltr'>luisse</span> <span class='ocrx_word' id='word_1_118' title='bbox 1109 1447 1177 1490; x_wconf 88' lang='lat' dir='ltr'>cum</span> <span class='ocrx_word' id='word_1_119' title='bbox 1200 1431 1278 1509; x_wconf 88' lang='lat' dir='ltr'>regia</span> <span class='ocrx_word' id='word_1_120' title='bbox 1299 1430 1439 1492; x_wconf 90' lang='lat' dir='ltr'>Armenia</span> <span class='ocrx_word' id='word_1_121' title='bbox 1461 1447 1529 1492; x_wconf 91' lang='lat' dir='ltr'>cum</span> <span class='ocrx_word' id='word_1_122' title='bbox 1550 1430 1603 1491; x_wconf 93' lang='lat' dir='ltr'>Ti-</span> 
     </span>
     <span class='ocr_line' id='line_1_12' title="bbox 246 1531 1603 1613; baseline 0.002 -20"><span class='ocrx_word' id='word_1_123' title='bbox 246 1531 343 1612; x_wconf 88' lang='lat' dir='ltr'>granis</span> <span class='ocrx_word' id='word_1_124' title='bbox 370 1549 480 1593; x_wconf 91' lang='lat' dir='ltr'>nomen</span> <span class='ocrx_word' id='word_1_125' title='bbox 506 1531 604 1613; x_wconf 90' lang='lat' dir='ltr'>prodit</span> <span class='ocrx_word' id='word_1_126' title='bbox 631 1540 691 1592; x_wconf 86' lang='lat' dir='ltr'>tam</span> <span class='ocrx_word' id='word_1_127' title='bbox 720 1531 779 1594; x_wconf 87' lang='lat' dir='ltr'>lilio</span> <span class='ocrx_word' id='word_1_128' title='bbox 806 1552 895 1613; x_wconf 90' lang='lat' dir='ltr'>quam</span> <span class='ocrx_word' id='word_1_129' title='bbox 923 1531 1024 1612; x_wconf 92' lang='lat' dir='ltr'>nepoti</span> <span class='ocrx_word' id='word_1_130' title='bbox 1045 1531 1200 1593; x_wconf 90' lang='lat' dir='ltr'>Alexandri</span> <span class='ocrx_word' id='word_1_131' title='bbox 1221 1531 1405 1613; x_wconf 88' lang='lat' dir='ltr'>impositum,</span> <span class='ocrx_word' id='word_1_132' title='bbox 1435 1541 1500 1594; x_wconf 90' lang='lat' dir='ltr'>tum</span> <span class='ocrx_word' id='word_1_133' title='bbox 1523 1535 1603 1613; x_wconf 90' lang='lat' dir='ltr'>quod</span> 
     </span>
     <span class='ocr_line' id='line_1_13' title="bbox 247 1634 1602 1718; baseline 0.003 -23"><span class='ocrx_word' id='word_1_134' title='bbox 247 1634 410 1696; x_wconf 90' lang='lat' dir='ltr'>Neroniana</span> <span class='ocrx_word' id='word_1_135' title='bbox 431 1642 524 1696; x_wconf 89' lang='lat' dir='ltr'>aetate</span> <span class='ocrx_word' id='word_1_136' title='bbox 546 1653 582 1695; x_wconf 90' lang='lat' dir='ltr'>ex</span> <span class='ocrx_word' id='word_1_137' title='bbox 604 1635 659 1696; x_wconf 91' lang='lat' dir='ltr'>hac</span> <span class='ocrx_word' id='word_1_138' title='bbox 681 1634 772 1716; x_wconf 84' lang='lat' dir='ltr'>stirpe</span> <span class='ocrx_word' id='word_1_139' title='bbox 787 1645 886 1698; x_wconf 89' lang='lat' dir='ltr'>ortum</span> <span class='ocrx_word' id='word_1_140' title='bbox 903 1635 1066 1716; x_wconf 90' lang='lat' dir='ltr'>principem</span> <span class='ocrx_word' id='word_1_141' title='bbox 1082 1635 1207 1697; x_wconf 85' lang='lat' dir='ltr'>Romani</span> <span class='ocrx_word' id='word_1_142' title='bbox 1221 1636 1367 1698; x_wconf 89' lang='lat' dir='ltr'>Arsacidis</span> <span class='ocrx_word' id='word_1_143' title='bbox 1384 1647 1602 1718; x_wconf 80' lang='lat' dir='ltr'>opposueruut3</span> 
     </span>
     <span class='ocr_line' id='line_1_14' title="bbox 248 1733 1604 1823; baseline 0.003 -25"><span class='ocrx_word' id='word_1_144' title='bbox 248 1737 372 1817; x_wconf 89' lang='lat' dir='ltr'>denique</span> <span class='ocrx_word' id='word_1_145' title='bbox 393 1736 534 1817; x_wconf 86' lang='lat' dir='ltr'>Iosephus</span> <span class='ocrx_word' id='word_1_146' title='bbox 557 1737 664 1800; x_wconf 84' lang='lat' dir='ltr'>hlud.</span> <span class='ocrx_word' id='word_1_147' title='bbox 681 1738 710 1813; x_wconf 82' lang='lat'>2,</span> <span class='ocrx_word' id='word_1_148' title='bbox 729 1740 826 1814; x_wconf 83' lang='lat'>11,6:</span> <span class='ocrx_word' id='word_1_149' title='bbox 850 1733 1101 1822; x_wconf 76' lang='grc' dir='ltr'>ἡἈλεξανδρον</span> <span class='ocrx_word' id='word_1_150' title='bbox 1123 1738 1230 1816; x_wconf 81' lang='grc' dir='ltr'>γενεὰ,</span> <span class='ocrx_word' id='word_1_151' title='bbox 1253 1739 1358 1820; x_wconf 91' lang='lat' dir='ltr'>inquit,</span> <span class='ocrx_word' id='word_1_152' title='bbox 1381 1741 1438 1823; x_wconf 79' lang='grc' dir='ltr'>τῆς</span> <span class='ocrx_word' id='word_1_153' title='bbox 1459 1738 1604 1823; x_wconf 79' lang='grc' dir='ltr'>μεγάλης</span> 
     </span>
     <span class='ocr_line' id='line_1_15' title="bbox 245 1836 1603 1923; baseline 0.001 -19"><span class='ocrx_word' id='word_1_154' title='bbox 245 1837 416 1923; x_wconf 83' lang='grc' dir='ltr'>Ἀρμενίας</span> <span class='ocrx_word' id='word_1_155' title='bbox 443 1836 643 1921; x_wconf 77' lang='grc' dir='ltr'>ἐβασίλευσε.</span> <span class='ocrx_word' id='word_1_156' title='bbox 699 1840 775 1902; x_wconf 91' lang='lat' dir='ltr'>Puto</span> <span class='ocrx_word' id='word_1_157' title='bbox 802 1840 935 1903; x_wconf 88' lang='lat' dir='ltr'>Archelai</span> <span class='ocrx_word' id='word_1_158' title='bbox 968 1843 1045 1921; x_wconf 89' lang='lat' dir='ltr'>regis</span> <span class='ocrx_word' id='word_1_159' title='bbox 1073 1840 1268 1922; x_wconf 85' lang='lat' dir='ltr'>Cappadociae</span> <span class='ocrx_word' id='word_1_160' title='bbox 1301 1861 1437 1916; x_wconf 87' lang='lat' dir='ltr'>uxorem,</span> <span class='ocrx_word' id='word_1_161' title='bbox 1466 1843 1603 1923; x_wconf 82' lang='lat' dir='ltr'>Tigranis</span> 
     </span>
    </p>
   </div>
   <div class='ocr_carea' id='block_1_3' title="bbox 248 1943 1603 2026">
    <p class='ocr_par' dir='ltr' id='par_1_3' title="bbox 248 1943 1603 2026">
     <span class='ocr_line' id='line_1_16' title="bbox 248 1943 1603 2026; baseline 0.001 -20"><span class='ocrx_word' id='word_1_162' title='bbox 248 1944 342 2007; x_wconf 87' lang='lat' dir='ltr'>ariam</span> <span class='ocrx_word' id='word_1_163' title='bbox 365 1952 526 2006; x_wconf 87' lang='lat' dir='ltr'>maternam</span> <span class='ocrx_word' id='word_1_164' title='bbox 549 1943 634 2005; x_wconf 91' lang='lat' dir='ltr'>nohis</span> <span class='ocrx_word' id='word_1_165' title='bbox 655 1943 785 2024; x_wconf 85' lang='lat' dir='ltr'>ignotam</span> <span class='ocrx_word' id='word_1_166' title='bbox 808 1964 844 2006; x_wconf 92' lang='lat' dir='ltr'>ex</span> <span class='ocrx_word' id='word_1_167' title='bbox 866 1945 955 2006; x_wconf 90' lang='lat' dir='ltr'>domo</span> <span class='ocrx_word' id='word_1_168' title='bbox 969 1944 1108 2007; x_wconf 89' lang='lat' dir='ltr'>Armenia</span> <span class='ocrx_word' id='word_1_169' title='bbox 1130 1945 1206 2025; x_wconf 87' lang='lat' dir='ltr'>regia</span> <span class='ocrx_word' id='word_1_170' title='bbox 1229 1945 1372 2026; x_wconf 89' lang='lat' dir='ltr'>originem</span> <span class='ocrx_word' id='word_1_171' title='bbox 1396 1947 1523 2008; x_wconf 93' lang='lat' dir='ltr'>duxisse.</span> <span class='ocrx_word' id='word_1_172' title='bbox 1567 1946 1603 2008; x_wconf 94' lang='lat' dir='ltr'>ln</span> 
     </span>
    </p>
   </div>
   <div class='ocr_carea' id='block_1_4' title="bbox 240 2047 1607 4515">
    <p class='ocr_par' dir='ltr' id='par_1_4' title="bbox 240 2047 1607 4515">
     <span class='ocr_line' id='line_1_17' title="bbox 248 2047 1604 2131; baseline 0.001 -21"><span class='ocrx_word' id='word_1_173' title='bbox 248 2048 404 2129; x_wconf 89' lang='lat' dir='ltr'>Tigranem</span> <span class='ocrx_word' id='word_1_174' title='bbox 426 2047 529 2109; x_wconf 82' lang='lat' dir='ltr'>iudieIs</span> <span class='ocrx_word' id='word_1_175' title='bbox 551 2056 612 2109; x_wconf 87' lang='lat' dir='ltr'>tam</span> <span class='ocrx_word' id='word_1_176' title='bbox 634 2056 713 2108; x_wconf 87' lang='lat' dir='ltr'>recte</span> <span class='ocrx_word' id='word_1_177' title='bbox 736 2050 916 2110; x_wconf 87' lang='lat' dir='ltr'>conveniunt</span> <span class='ocrx_word' id='word_1_178' title='bbox 937 2047 1036 2110; x_wconf 90' lang='lat' dir='ltr'>omnia</span> <span class='ocrx_word' id='word_1_179' title='bbox 1057 2068 1131 2128; x_wconf 91' lang='lat' dir='ltr'>quac</span> <span class='ocrx_word' id='word_1_180' title='bbox 1153 2069 1169 2110; x_wconf 91' lang='lat' dir='ltr'>a</span> <span class='ocrx_word' id='word_1_181' title='bbox 1192 2049 1291 2112; x_wconf 88' lang='lat' dir='ltr'>Tacito</span> <span class='ocrx_word' id='word_1_182' title='bbox 1319 2051 1502 2131; x_wconf 91' lang='lat' dir='ltr'>Iosephoque</span> <span class='ocrx_word' id='word_1_183' title='bbox 1531 2069 1604 2112; x_wconf 93' lang='lat' dir='ltr'>nar-</span> 
     </span>
     <span class='ocr_line' id='line_1_18' title="bbox 248 2149 1604 2233; baseline 0.002 -20"><span class='ocrx_word' id='word_1_184' title='bbox 248 2161 352 2213; x_wconf 89' lang='lat' dir='ltr'>rantur</span> <span class='ocrx_word' id='word_1_185' title='bbox 378 2151 414 2212; x_wconf 94' lang='lat' dir='ltr'>de</span> <span class='ocrx_word' id='word_1_186' title='bbox 440 2149 564 2229; x_wconf 92' lang='lat' dir='ltr'>Tigrane</span> <span class='ocrx_word' id='word_1_187' title='bbox 591 2171 607 2212; x_wconf 90' lang='lat' dir='ltr'>a</span> <span class='ocrx_word' id='word_1_188' title='bbox 634 2151 751 2214; x_wconf 92' lang='lat' dir='ltr'>Tiberio</span> <span class='ocrx_word' id='word_1_189' title='bbox 784 2151 938 2212; x_wconf 84' lang='lat' dir='ltr'>interfecto</span> <span class='ocrx_word' id='word_1_190' title='bbox 966 2150 1104 2212; x_wconf 89' lang='lat' dir='ltr'>Armenia</span> <span class='ocrx_word' id='word_1_191' title='bbox 1136 2151 1285 2231; x_wconf 90' lang='lat' dir='ltr'>quondam</span> <span class='ocrx_word' id='word_1_192' title='bbox 1316 2155 1411 2233; x_wconf 90' lang='lat' dir='ltr'>potito</span> <span class='ocrx_word' id='word_1_193' title='bbox 1442 2163 1473 2215; x_wconf 88' lang='lat' dir='ltr'>et</span> <span class='ocrx_word' id='word_1_194' title='bbox 1506 2153 1604 2233; x_wconf 88' lang='lat' dir='ltr'>aliqua</span> 
     </span>
     <span class='ocr_line' id='line_1_19' title="bbox 248 2253 1604 2334; baseline 0.001 -17"><span class='ocrx_word' id='word_1_195' title='bbox 248 2255 360 2317; x_wconf 91' lang='lat' dir='ltr'>ratione</span> <span class='ocrx_word' id='word_1_196' title='bbox 392 2255 428 2316; x_wconf 94' lang='lat' dir='ltr'>ad</span> <span class='ocrx_word' id='word_1_197' title='bbox 461 2254 582 2334; x_wconf 88' lang='lat' dir='ltr'>stirpem</span> <span class='ocrx_word' id='word_1_198' title='bbox 605 2254 773 2317; x_wconf 80' lang='lat' dir='ltr'>Armenium</span> <span class='ocrx_word' id='word_1_199' title='bbox 795 2254 905 2334; x_wconf 88' lang='lat' dir='ltr'>regiam</span> <span class='ocrx_word' id='word_1_200' title='bbox 927 2253 1106 2334; x_wconf 79' lang='lat' dir='ltr'>perurente,</span> <span class='ocrx_word' id='word_1_201' title='bbox 1135 2263 1169 2316; x_wconf 92' lang='lat' dir='ltr'>ut</span> <span class='ocrx_word' id='word_1_202' title='bbox 1195 2255 1358 2318; x_wconf 89' lang='lat' dir='ltr'>necessario</span> <span class='ocrx_word' id='word_1_203' title='bbox 1384 2256 1463 2318; x_wconf 93' lang='lat' dir='ltr'>idem</span> <span class='ocrx_word' id='word_1_204' title='bbox 1490 2257 1604 2319; x_wconf 89' lang='lat' dir='ltr'>haben-</span> 
     </span>
     <span class='ocr_line' id='line_1_20' title="bbox 249 2356 1603 2440; baseline 0.002 -20"><span class='ocrx_word' id='word_1_205' title='bbox 249 2359 305 2420; x_wconf 91' lang='lat' dir='ltr'>dus</span> <span class='ocrx_word' id='word_1_206' title='bbox 338 2358 386 2420; x_wconf 83' lang='lat' dir='ltr'>sit</span> <span class='ocrx_word' id='word_1_207' title='bbox 437 2357 622 2420; x_wconf 87' lang='lat' dir='ltr'>Contrarium</span> <span class='ocrx_word' id='word_1_208' title='bbox 651 2358 769 2438; x_wconf 91' lang='lat' dir='ltr'>quidem</span> <span class='ocrx_word' id='word_1_209' title='bbox 796 2356 926 2420; x_wconf 83' lang='lat' dir='ltr'>defendit</span> <span class='ocrx_word' id='word_1_210' title='bbox 952 2356 1145 2440; x_wconf 90' lang='lat' dir='ltr'>Nipperdeius</span> <span class='ocrx_word' id='word_1_211' title='bbox 1174 2359 1210 2421; x_wconf 91' lang='lat' dir='ltr'>ad</span> <span class='ocrx_word' id='word_1_212' title='bbox 1232 2358 1298 2421; x_wconf 90' lang='lat' dir='ltr'>Tac.</span> <span class='ocrx_word' id='word_1_213' title='bbox 1315 2359 1344 2434; x_wconf 89' lang='grc'>6,</span> <span class='ocrx_word' id='word_1_214' title='bbox 1360 2361 1400 2421; x_wconf 89' lang='grc'>40</span> <span class='ocrx_word' id='word_1_215' title='bbox 1423 2359 1603 2436; x_wconf 90' lang='lat' dir='ltr'>Armeniam,</span> 
     </span>
     <span class='ocr_line' id='line_1_21' title="bbox 250 2461 1604 2543; baseline 0.001 -18"><span class='ocrx_word' id='word_1_216' title='bbox 250 2481 308 2543; x_wconf 88' lang='lat' dir='ltr'>qua</span> <span class='ocrx_word' id='word_1_217' title='bbox 334 2461 473 2542; x_wconf 90' lang='lat' dir='ltr'>Tigranes</span> <span class='ocrx_word' id='word_1_218' title='bbox 499 2481 516 2522; x_wconf 90' lang='lat' dir='ltr'>a</span> <span class='ocrx_word' id='word_1_219' title='bbox 538 2461 654 2524; x_wconf 90' lang='lat' dir='ltr'>Tiberio</span> <span class='ocrx_word' id='word_1_220' title='bbox 680 2462 852 2524; x_wconf 82' lang='lat' dir='ltr'>interfectus</span> <span class='ocrx_word' id='word_1_221' title='bbox 879 2462 1029 2543; x_wconf 87' lang='lat' dir='ltr'>quondam</span> <span class='ocrx_word' id='word_1_222' title='bbox 1062 2461 1175 2543; x_wconf 89' lang='lat' dir='ltr'>potitus</span> <span class='ocrx_word' id='word_1_223' title='bbox 1208 2462 1255 2536; x_wconf 87' lang='lat' dir='ltr'>sit,</span> <span class='ocrx_word' id='word_1_224' title='bbox 1290 2471 1422 2526; x_wconf 88' lang='lat' dir='ltr'>statuens</span> <span class='ocrx_word' id='word_1_225' title='bbox 1456 2463 1604 2526; x_wconf 90' lang='lat' dir='ltr'>minorem</span> 
     </span>
     <span class='ocr_line' id='line_1_22' title="bbox 250 2564 1605 2647; baseline 0.001 -19"><span class='ocrx_word' id='word_1_226' title='bbox 250 2586 315 2628; x_wconf 89' lang='lat' dir='ltr'>esse</span> <span class='ocrx_word' id='word_1_227' title='bbox 336 2565 372 2628; x_wconf 91' lang='lat' dir='ltr'>ah</span> <span class='ocrx_word' id='word_1_228' title='bbox 394 2584 447 2627; x_wconf 84' lang='lat' dir='ltr'>avo</span> <span class='ocrx_word' id='word_1_229' title='bbox 473 2565 536 2627; x_wconf 92' lang='lat' dir='ltr'>eius</span> <span class='ocrx_word' id='word_1_230' title='bbox 558 2565 698 2627; x_wconf 88' lang='lat' dir='ltr'>Archelao</span> <span class='ocrx_word' id='word_1_231' title='bbox 720 2564 916 2647; x_wconf 88' lang='lat' dir='ltr'>Cappadociae</span> <span class='ocrx_word' id='word_1_232' title='bbox 942 2583 1010 2644; x_wconf 91' lang='lat' dir='ltr'>rege</span> <span class='ocrx_word' id='word_1_233' title='bbox 1037 2565 1186 2644; x_wconf 88' lang='lat' dir='ltr'>quondam</span> <span class='ocrx_word' id='word_1_234' title='bbox 1216 2584 1392 2647; x_wconf 90' lang='lat' dir='ltr'>possessam.</span> <span class='ocrx_word' id='word_1_235' title='bbox 1436 2567 1474 2628; x_wconf 90' lang='lat' dir='ltr'>At</span> <span class='ocrx_word' id='word_1_236' title='bbox 1495 2575 1526 2630; x_wconf 90' lang='lat' dir='ltr'>et</span> <span class='ocrx_word' id='word_1_237' title='bbox 1546 2569 1605 2630; x_wconf 91' lang='lat' dir='ltr'>Ar-</span> 
     </span>
     <span class='ocr_line' id='line_1_23' title="bbox 251 2667 1603 2750; baseline 0.001 -18"><span class='ocrx_word' id='word_1_238' title='bbox 251 2669 356 2745; x_wconf 90' lang='lat' dir='ltr'>menia,</span> <span class='ocrx_word' id='word_1_239' title='bbox 379 2669 431 2731; x_wconf 94' lang='lat' dir='ltr'>uhi</span> <span class='ocrx_word' id='word_1_240' title='bbox 453 2667 624 2750; x_wconf 89' lang='lat' dir='ltr'>simphciter</span> <span class='ocrx_word' id='word_1_241' title='bbox 645 2669 685 2731; x_wconf 89' lang='lat' dir='ltr'>ita</span> <span class='ocrx_word' id='word_1_242' title='bbox 707 2669 878 2750; x_wconf 88' lang='lat' dir='ltr'>appellatur,</span> <span class='ocrx_word' id='word_1_243' title='bbox 897 2667 1021 2730; x_wconf 91' lang='lat' dir='ltr'>omnino</span> <span class='ocrx_word' id='word_1_244' title='bbox 1045 2667 1138 2729; x_wconf 90' lang='lat' dir='ltr'>maior</span> <span class='ocrx_word' id='word_1_245' title='bbox 1160 2677 1217 2744; x_wconf 86' lang='lat' dir='ltr'>est,</span> <span class='ocrx_word' id='word_1_246' title='bbox 1241 2678 1270 2731; x_wconf 90' lang='lat' dir='ltr'>et</span> <span class='ocrx_word' id='word_1_247' title='bbox 1289 2680 1423 2750; x_wconf 89' lang='lat' dir='ltr'>posteros</span> <span class='ocrx_word' id='word_1_248' title='bbox 1437 2671 1603 2748; x_wconf 89' lang='lat' dir='ltr'>Alexandri,</span> 
     </span>
     <span class='ocr_line' id='line_1_24' title="bbox 251 2772 1606 2853; baseline 0.001 -17"><span class='ocrx_word' id='word_1_249' title='bbox 251 2775 281 2836; x_wconf 92' lang='lat' dir='ltr'>id</span> <span class='ocrx_word' id='word_1_250' title='bbox 310 2783 356 2836; x_wconf 91' lang='lat' dir='ltr'>est</span> <span class='ocrx_word' id='word_1_251' title='bbox 385 2773 530 2852; x_wconf 90' lang='lat' dir='ltr'>Tigranen</span> <span class='ocrx_word' id='word_1_252' title='bbox 564 2781 733 2853; x_wconf 87' lang='lat' dir='ltr'>utrumque,</span> <span class='ocrx_word' id='word_1_253' title='bbox 767 2773 932 2853; x_wconf 85' lang='lat' dir='ltr'>regnavisse</span> <span class='ocrx_word' id='word_1_254' title='bbox 965 2773 996 2835; x_wconf 94' lang='lat' dir='ltr'>in</span> <span class='ocrx_word' id='word_1_255' title='bbox 1030 2773 1140 2836; x_wconf 92' lang='lat' dir='ltr'>maiore</span> <span class='ocrx_word' id='word_1_256' title='bbox 1168 2772 1305 2835; x_wconf 90' lang='lat' dir='ltr'>Armenia</span> <span class='ocrx_word' id='word_1_257' title='bbox 1338 2774 1445 2837; x_wconf 87' lang='lat' dir='ltr'>diserte</span> <span class='ocrx_word' id='word_1_258' title='bbox 1480 2784 1606 2838; x_wconf 87' lang='lat' dir='ltr'>testatur</span> 
     </span>
     <span class='ocr_line' id='line_1_25' title="bbox 251 2876 1606 2960; baseline 0.001 -20"><span class='ocrx_word' id='word_1_259' title='bbox 251 2878 393 2958; x_wconf 89' lang='lat' dir='ltr'>Iosephus</span> <span class='ocrx_word' id='word_1_260' title='bbox 409 2878 440 2952; x_wconf 88' lang='lat' dir='ltr'>(l.</span> <span class='ocrx_word' id='word_1_261' title='bbox 456 2882 512 2954; x_wconf 72' lang='lat' dir='ltr'>c),</span> <span class='ocrx_word' id='word_1_262' title='bbox 535 2876 660 2955; x_wconf 89' lang='lat' dir='ltr'>denique</span> <span class='ocrx_word' id='word_1_263' title='bbox 675 2895 734 2939; x_wconf 94' lang='lat' dir='ltr'>non</span> <span class='ocrx_word' id='word_1_264' title='bbox 749 2877 903 2957; x_wconf 91' lang='lat' dir='ltr'>adsequor,</span> <span class='ocrx_word' id='word_1_265' title='bbox 926 2877 1074 2957; x_wconf 89' lang='lat' dir='ltr'>quomodo</span> <span class='ocrx_word' id='word_1_266' title='bbox 1089 2884 1251 2960; x_wconf 89' lang='lat' dir='ltr'>propterea,</span> <span class='ocrx_word' id='word_1_267' title='bbox 1267 2877 1346 2957; x_wconf 90' lang='lat' dir='ltr'>quod</span> <span class='ocrx_word' id='word_1_268' title='bbox 1361 2896 1431 2940; x_wconf 83' lang='lat' dir='ltr'>arus</span> <span class='ocrx_word' id='word_1_269' title='bbox 1446 2878 1606 2941; x_wconf 86' lang='lat' dir='ltr'>Archelaus</span> 
     </span>
     <span class='ocr_line' id='line_1_26' title="bbox 252 2979 1493 3063; baseline 0 -19"><span class='ocrx_word' id='word_1_270' title='bbox 252 2981 421 3044; x_wconf 89' lang='lat' dir='ltr'>Armeniam</span> <span class='ocrx_word' id='word_1_271' title='bbox 444 2980 590 3042; x_wconf 90' lang='lat' dir='ltr'>minorem</span> <span class='ocrx_word' id='word_1_272' title='bbox 611 2979 766 3060; x_wconf 90' lang='lat' dir='ltr'>aliquando</span> <span class='ocrx_word' id='word_1_273' title='bbox 788 2981 899 3055; x_wconf 91' lang='lat' dir='ltr'>habuit,</span> <span class='ocrx_word' id='word_1_274' title='bbox 922 3000 1014 3063; x_wconf 88' lang='lat' dir='ltr'>nepos</span> <span class='ocrx_word' id='word_1_275' title='bbox 1037 2981 1093 3043; x_wconf 91' lang='lat' dir='ltr'>dici</span> <span class='ocrx_word' id='word_1_276' title='bbox 1114 2980 1207 3062; x_wconf 90' lang='lat' dir='ltr'>possit</span> <span class='ocrx_word' id='word_1_277' title='bbox 1229 3001 1261 3044; x_wconf 94' lang='lat' dir='ltr'>ea</span> <span class='ocrx_word' id='word_1_278' title='bbox 1283 2982 1395 3063; x_wconf 90' lang='lat' dir='ltr'>potitus</span> <span class='ocrx_word' id='word_1_279' title='bbox 1417 3001 1493 3044; x_wconf 90' lang='lat' dir='ltr'>esse.</span> 
     </span>
     <span class='ocr_line' id='line_1_27' title="bbox 351 3079 1607 3167; baseline 0.002 -22"><span class='ocrx_word' id='word_1_280' title='bbox 351 3082 505 3145; x_wconf 86' lang='lat' dir='ltr'>Armeniae</span> <span class='ocrx_word' id='word_1_281' title='bbox 531 3101 655 3163; x_wconf 89' lang='lat' dir='ltr'>regnum</span> <span class='ocrx_word' id='word_1_282' title='bbox 680 3079 820 3162; x_wconf 88' lang='lat' dir='ltr'>Tigranes</span> <span class='ocrx_word' id='word_1_283' title='bbox 848 3103 908 3146; x_wconf 93' lang='lat' dir='ltr'>non</span> <span class='ocrx_word' id='word_1_284' title='bbox 935 3085 985 3146; x_wconf 93' lang='lat' dir='ltr'>diu</span> <span class='ocrx_word' id='word_1_285' title='bbox 1018 3085 1146 3148; x_wconf 87' lang='lat' dir='ltr'>tenuerit</span> <span class='ocrx_word' id='word_1_286' title='bbox 1175 3105 1295 3148; x_wconf 89' lang='lat' dir='ltr'>necesse</span> <span class='ocrx_word' id='word_1_287' title='bbox 1327 3095 1382 3160; x_wconf 81' lang='lat' dir='ltr'>est,</span> <span class='ocrx_word' id='word_1_288' title='bbox 1416 3105 1484 3148; x_wconf 90' lang='lat' dir='ltr'>cum</span> <span class='ocrx_word' id='word_1_289' title='bbox 1520 3105 1607 3167; x_wconf 91' lang='lat' dir='ltr'>prae-</span> 
     </span>
     <span class='ocr_line' id='line_1_28' title="bbox 251 3184 1607 3271; baseline -0.001 -18"><span class='ocrx_word' id='word_1_290' title='bbox 251 3189 352 3253; x_wconf 87' lang='lat' dir='ltr'>sertIm</span> <span class='ocrx_word' id='word_1_291' title='bbox 384 3184 526 3250; x_wconf 89' lang='lat' dir='ltr'>aTacito</span> <span class='ocrx_word' id='word_1_292' title='bbox 559 3195 773 3267; x_wconf 86' lang='lat' dir='ltr'>praetereatur,</span> <span class='ocrx_word' id='word_1_293' title='bbox 807 3189 910 3271; x_wconf 91' lang='lat' dir='ltr'>pulsus</span> <span class='ocrx_word' id='word_1_294' title='bbox 945 3189 1079 3252; x_wconf 87' lang='lat' dir='ltr'>videlicet</span> <span class='ocrx_word' id='word_1_295' title='bbox 1104 3209 1121 3251; x_wconf 89' lang='lat' dir='ltr'>a</span> <span class='ocrx_word' id='word_1_296' title='bbox 1147 3189 1274 3251; x_wconf 79' lang='lat' dir='ltr'>factione</span> <span class='ocrx_word' id='word_1_297' title='bbox 1300 3189 1445 3251; x_wconf 86' lang='lat' dir='ltr'>Parthica.</span> <span class='ocrx_word' id='word_1_298' title='bbox 1498 3189 1607 3252; x_wconf 86' lang='lat' dir='ltr'>Scribit</span> 
     </span>
     <span class='ocr_line' id='line_1_29' title="bbox 253 3289 1606 3373; baseline -0.001 -16"><span class='ocrx_word' id='word_1_299' title='bbox 253 3297 279 3358; x_wconf 93' lang='lat' dir='ltr'>is</span> <span class='ocrx_word' id='word_1_300' title='bbox 302 3300 476 3373; x_wconf 76' lang='lat' dir='ltr'>tempmtum</span> <span class='ocrx_word' id='word_1_301' title='bbox 498 3289 603 3352; x_wconf 91' lang='lat' dir='ltr'>deinde</span> <span class='ocrx_word' id='word_1_302' title='bbox 625 3307 690 3351; x_wconf 90' lang='lat' dir='ltr'>esse</span> <span class='ocrx_word' id='word_1_303' title='bbox 711 3290 869 3372; x_wconf 89' lang='lat' dir='ltr'>imperium</span> <span class='ocrx_word' id='word_1_304' title='bbox 886 3293 1011 3354; x_wconf 79' lang='lat' dir='ltr'>feminae</span> <span class='ocrx_word' id='word_1_305' title='bbox 1027 3292 1075 3354; x_wconf 90' lang='lat' dir='ltr'>eui</span> <span class='ocrx_word' id='word_1_306' title='bbox 1090 3311 1199 3355; x_wconf 91' lang='lat' dir='ltr'>nomen</span> <span class='ocrx_word' id='word_1_307' title='bbox 1214 3290 1312 3368; x_wconf 86' lang='lat' dir='ltr'>Erato,</span> <span class='ocrx_word' id='word_1_308' title='bbox 1335 3293 1467 3355; x_wconf 90' lang='lat' dir='ltr'>eiusdem</span> <span class='ocrx_word' id='word_1_309' title='bbox 1484 3295 1606 3356; x_wconf 90' lang='lat' dir='ltr'>omnino</span> 
     </span>
     <span class='ocr_line' id='line_1_30' title="bbox 253 3394 1607 3478; baseline -0.001 -19"><span class='ocrx_word' id='word_1_310' title='bbox 253 3416 328 3478; x_wconf 90' lang='lat' dir='ltr'>quae</span> <span class='ocrx_word' id='word_1_311' title='bbox 349 3403 433 3458; x_wconf 90' lang='lat' dir='ltr'>antea</span> <span class='ocrx_word' id='word_1_312' title='bbox 455 3402 591 3474; x_wconf 90' lang='lat' dir='ltr'>regnarat</span> <span class='ocrx_word' id='word_1_313' title='bbox 611 3410 680 3454; x_wconf 88' lang='lat' dir='ltr'>cum</span> <span class='ocrx_word' id='word_1_314' title='bbox 702 3395 792 3455; x_wconf 80' lang='lat' dir='ltr'>tratre</span> <span class='ocrx_word' id='word_1_315' title='bbox 814 3404 844 3455; x_wconf 90' lang='lat' dir='ltr'>et</span> <span class='ocrx_word' id='word_1_316' title='bbox 865 3394 970 3457; x_wconf 89' lang='lat' dir='ltr'>marito</span> <span class='ocrx_word' id='word_1_317' title='bbox 992 3395 1116 3475; x_wconf 91' lang='lat' dir='ltr'>Tigrane</span> <span class='ocrx_word' id='word_1_318' title='bbox 1138 3396 1186 3470; x_wconf 94' lang='lat' dir='ltr'>III,</span> <span class='ocrx_word' id='word_1_319' title='bbox 1216 3397 1267 3458; x_wconf 91' lang='lat' dir='ltr'>sed</span> <span class='ocrx_word' id='word_1_320' title='bbox 1288 3396 1364 3458; x_wconf 87' lang='lat' dir='ltr'>hane</span> <span class='ocrx_word' id='word_1_321' title='bbox 1385 3415 1505 3477; x_wconf 88' lang='lat' dir='ltr'>quoque</span> <span class='ocrx_word' id='word_1_322' title='bbox 1526 3397 1607 3460; x_wconf 85' lang='lat' dir='ltr'>brevi</span> 
     </span>
     <span class='ocr_line' id='line_1_31' title="bbox 253 3495 1606 3582; baseline 0.001 -20"><span class='ocrx_word' id='word_1_323' title='bbox 253 3501 366 3582; x_wconf 90' lang='lat' dir='ltr'>pubam</span> <span class='ocrx_word' id='word_1_324' title='bbox 389 3516 463 3559; x_wconf 91' lang='lat' dir='ltr'>esse.</span> <span class='ocrx_word' id='word_1_325' title='bbox 485 3529 527 3541; x_wconf 89' lang='lat'>-</span> <span class='ocrx_word' id='word_1_326' title='bbox 548 3495 656 3558; x_wconf 82' lang='lat' dir='ltr'>Incerti</span> <span class='ocrx_word' id='word_1_327' title='bbox 674 3495 780 3557; x_wconf 89' lang='lat' dir='ltr'>deinde</span> <span class='ocrx_word' id='word_1_328' title='bbox 805 3497 944 3578; x_wconf 77' lang='lat' dir='ltr'>solutique</span> <span class='ocrx_word' id='word_1_329' title='bbox 965 3499 1104 3571; x_wconf 88' lang='lat' dir='ltr'>Armenii,</span> <span class='ocrx_word' id='word_1_330' title='bbox 1137 3499 1254 3561; x_wconf 89' lang='lat' dir='ltr'>Tacitus</span> <span class='ocrx_word' id='word_1_331' title='bbox 1283 3499 1333 3573; x_wconf 86' lang='lat' dir='ltr'>ait,</span> <span class='ocrx_word' id='word_1_332' title='bbox 1366 3511 1393 3563; x_wconf 86' lang='lat' dir='ltr'>et</span> <span class='ocrx_word' id='word_1_333' title='bbox 1423 3506 1515 3581; x_wconf 70' lang='lat' dir='ltr'>mogh</span> <span class='ocrx_word' id='word_1_334' title='bbox 1546 3507 1606 3564; x_wconf 79' lang='lat' dir='ltr'>nire</span> 
     </span>
     <span class='ocr_line' id='line_1_32' title="bbox 253 3599 1604 3684; baseline 0.001 -17"><span class='ocrx_word' id='word_1_335' title='bbox 253 3606 368 3667; x_wconf 74' lang='lat' dir='ltr'>domim</span> <span class='ocrx_word' id='word_1_336' title='bbox 390 3619 475 3682; x_wconf 75' lang='grc' dir='ltr'>μιαν</span> <span class='ocrx_word' id='word_1_337' title='bbox 495 3605 527 3662; x_wconf 75' lang='lat' dir='ltr'>in</span> <span class='ocrx_word' id='word_1_338' title='bbox 549 3599 675 3662; x_wconf 75' lang='lat' dir='ltr'>libertate</span> <span class='ocrx_word' id='word_1_339' title='bbox 693 3602 852 3681; x_wconf 73' lang='lat' dir='ltr'>profugum</span> <span class='ocrx_word' id='word_1_340' title='bbox 871 3602 1005 3664; x_wconf 82' lang='lat' dir='ltr'>Vononen</span> <span class='ocrx_word' id='word_1_341' title='bbox 1026 3607 1057 3664; x_wconf 81' lang='lat' dir='ltr'>io</span> <span class='ocrx_word' id='word_1_342' title='bbox 1077 3621 1199 3684; x_wconf 75' lang='lat' dir='ltr'>regnum</span> <span class='ocrx_word' id='word_1_343' title='bbox 1214 3607 1363 3684; x_wconf 72' lang='lat' dir='ltr'>recepturo,</span> <span class='ocrx_word' id='word_1_344' title='bbox 1385 3603 1497 3667; x_wconf 89' lang='lat' dir='ltr'>scilicet</span> <span class='ocrx_word' id='word_1_345' title='bbox 1512 3606 1604 3668; x_wconf 88' lang='lat' dir='ltr'>libum</span> 
     </span>
     <span class='ocr_line' id='line_1_33' title="bbox 254 3701 1607 3787; baseline 0.001 -18"><span class='ocrx_word' id='word_1_346' title='bbox 254 3706 331 3787; x_wconf 89' lang='lat' dir='ltr'>regis</span> <span class='ocrx_word' id='word_1_347' title='bbox 360 3703 536 3766; x_wconf 91' lang='lat' dir='ltr'>Parthorum</span> <span class='ocrx_word' id='word_1_348' title='bbox 564 3701 696 3764; x_wconf 87' lang='lat' dir='ltr'>Phraatis</span> <span class='ocrx_word' id='word_1_349' title='bbox 727 3703 884 3784; x_wconf 89' lang='lat' dir='ltr'>ipsumque</span> <span class='ocrx_word' id='word_1_350' title='bbox 917 3725 970 3786; x_wconf 90' lang='lat' dir='ltr'>per</span> <span class='ocrx_word' id='word_1_351' title='bbox 1005 3707 1116 3787; x_wconf 86' lang='lat' dir='ltr'>ahquot</span> <span class='ocrx_word' id='word_1_352' title='bbox 1148 3726 1241 3769; x_wconf 93' lang='lat' dir='ltr'>annos</span> <span class='ocrx_word' id='word_1_353' title='bbox 1272 3725 1371 3786; x_wconf 93' lang='lat' dir='ltr'>regem</span> <span class='ocrx_word' id='word_1_354' title='bbox 1402 3725 1522 3782; x_wconf 90' lang='lat' dir='ltr'>eorum,</span> <span class='ocrx_word' id='word_1_355' title='bbox 1556 3709 1607 3770; x_wconf 90' lang='lat' dir='ltr'>sed</span> 
     </span>
     <span class='ocr_line' id='line_1_34' title="bbox 254 3806 1606 3893; baseline 0.001 -20"><span class='ocrx_word' id='word_1_356' title='bbox 254 3811 351 3893; x_wconf 87' lang='lat' dir='ltr'>paullo</span> <span class='ocrx_word' id='word_1_357' title='bbox 377 3816 446 3871; x_wconf 86' lang='lat' dir='ltr'>ante</span> <span class='ocrx_word' id='word_1_358' title='bbox 466 3806 503 3869; x_wconf 88' lang='lat' dir='ltr'>ab</span> <span class='ocrx_word' id='word_1_359' title='bbox 517 3806 664 3869; x_wconf 88' lang='lat' dir='ltr'>Artabano</span> <span class='ocrx_word' id='word_1_360' title='bbox 686 3808 850 3888; x_wconf 90' lang='lat' dir='ltr'>expulsum.</span> <span class='ocrx_word' id='word_1_361' title='bbox 888 3809 1030 3892; x_wconf 90' lang='lat' dir='ltr'>Iosephus</span> <span class='ocrx_word' id='word_1_362' title='bbox 1047 3810 1095 3885; x_wconf 90' lang='lat'>18,</span> <span class='ocrx_word' id='word_1_363' title='bbox 1112 3809 1177 3885; x_wconf 82' lang='grc'>2,4</span> <span class='ocrx_word' id='word_1_364' title='bbox 1199 3819 1356 3892; x_wconf 90' lang='lat' dir='ltr'>postquam</span> <span class='ocrx_word' id='word_1_365' title='bbox 1377 3811 1412 3872; x_wconf 92' lang='lat' dir='ltr'>de</span> <span class='ocrx_word' id='word_1_366' title='bbox 1427 3811 1549 3874; x_wconf 83' lang='lat' dir='ltr'>Vonone</span> <span class='ocrx_word' id='word_1_367' title='bbox 1570 3831 1606 3874; x_wconf 86' lang='lat' dir='ltr'>ex</span> 
     </span>
     <span class='ocr_line' id='line_1_35' title="bbox 254 3909 1606 3996; baseline 0.001 -21"><span class='ocrx_word' id='word_1_368' title='bbox 254 3932 344 3993; x_wconf 91' lang='lat' dir='ltr'>regno</span> <span class='ocrx_word' id='word_1_369' title='bbox 359 3920 481 3993; x_wconf 88' lang='lat' dir='ltr'>paterno</span> <span class='ocrx_word' id='word_1_370' title='bbox 495 3909 589 3972; x_wconf 90' lang='lat' dir='ltr'>eiecto</span> <span class='ocrx_word' id='word_1_371' title='bbox 603 3911 725 3984; x_wconf 88' lang='lat' dir='ltr'>rettuht,</span> <span class='ocrx_word' id='word_1_372' title='bbox 748 3911 788 3973; x_wconf 86' lang='lat' dir='ltr'>ita</span> <span class='ocrx_word' id='word_1_373' title='bbox 802 3912 911 3995; x_wconf 88' lang='lat' dir='ltr'>pergit:</span> <span class='ocrx_word' id='word_1_374' title='bbox 935 3909 1089 3996; x_wconf 79' lang='grc' dir='ltr'>Βονώνης</span> <span class='ocrx_word' id='word_1_375' title='bbox 1111 3911 1149 3976; x_wconf 77' lang='grc' dir='ltr'>δὲ</span> <span class='ocrx_word' id='word_1_376' title='bbox 1164 3913 1211 3986; x_wconf 85' lang='grc' dir='ltr'>είς</span> <span class='ocrx_word' id='word_1_377' title='bbox 1221 3909 1396 3996; x_wconf 74' lang='grc' dir='ltr'>Ἀρμενίαν</span> <span class='ocrx_word' id='word_1_378' title='bbox 1411 3912 1606 3979; x_wconf 77' lang='grc' dir='ltr'>διαπίπτει·</span> 
     </span>
     <span class='ocr_line' id='line_1_36' title="bbox 255 4006 1605 4103; baseline 0.003 -25"><span class='ocrx_word' id='word_1_379' title='bbox 255 4015 312 4079; x_wconf 79' lang='grc' dir='ltr'>καὶ</span> <span class='ocrx_word' id='word_1_380' title='bbox 335 4014 408 4076; x_wconf 79' lang='grc' dir='ltr'>κατ’</span> <span class='ocrx_word' id='word_1_381' title='bbox 438 4006 542 4096; x_wconf 76' lang='grc' dir='ltr'>α’ρχὰς</span> <span class='ocrx_word' id='word_1_382' title='bbox 568 4011 629 4096; x_wconf 76' lang='grc' dir='ltr'>μὲν</span> <span class='ocrx_word' id='word_1_383' title='bbox 655 4010 767 4095; x_wconf 76' lang='grc' dir='ltr'>ἐφίετο</span> <span class='ocrx_word' id='word_1_384' title='bbox 795 4016 851 4098; x_wconf 78' lang='grc' dir='ltr'>τῆς</span> <span class='ocrx_word' id='word_1_385' title='bbox 879 4012 984 4099; x_wconf 78' lang='grc' dir='ltr'>χώρας</span> <span class='ocrx_word' id='word_1_386' title='bbox 1011 4017 1067 4078; x_wconf 77' lang='grc' dir='ltr'>καὶ</span> <span class='ocrx_word' id='word_1_387' title='bbox 1097 4016 1180 4101; x_wconf 83' lang='grc' dir='ltr'>πρὸς</span> <span class='ocrx_word' id='word_1_388' title='bbox 1206 4012 1385 4100; x_wconf 84' lang='grc' dir='ltr'>Ῥωμαίους</span> <span class='ocrx_word' id='word_1_389' title='bbox 1414 4015 1605 4103; x_wconf 71' lang='grc' dir='ltr'>ἐπρέσβευε,</span> 
     </span>
     <span class='ocr_line' id='line_1_37' title="bbox 240 4116 1605 4204; baseline 0.003 -23"><span class='ocrx_word' id='word_1_390' title='bbox 240 4118 360 4182; x_wconf 78' lang='lat' dir='ltr'>‚deinde</span> <span class='ocrx_word' id='word_1_391' title='bbox 398 4116 548 4179; x_wconf 88' lang='lat' dir='ltr'>Tiberium</span> <span class='ocrx_word' id='word_1_392' title='bbox 591 4127 711 4201; x_wconf 90' lang='lat' dir='ltr'>propter</span> <span class='ocrx_word' id='word_1_393' title='bbox 752 4118 845 4201; x_wconf 87' lang='lat' dir='ltr'>ipsius</span> <span class='ocrx_word' id='word_1_394' title='bbox 880 4119 1026 4200; x_wconf 82' lang='lat' dir='ltr'>Ignauiam</span> <span class='ocrx_word' id='word_1_395' title='bbox 1069 4130 1099 4183; x_wconf 90' lang='lat' dir='ltr'>et</span> <span class='ocrx_word' id='word_1_396' title='bbox 1139 4119 1234 4184; x_wconf 88' lang='lat' dir='ltr'>minas</span> <span class='ocrx_word' id='word_1_397' title='bbox 1270 4119 1409 4184; x_wconf 89' lang='lat' dir='ltr'>Artabani</span> <span class='ocrx_word' id='word_1_398' title='bbox 1448 4121 1476 4183; x_wconf 90' lang='lat' dir='ltr'>ei</span> <span class='ocrx_word' id='word_1_399' title='bbox 1516 4143 1605 4204; x_wconf 89' lang='lat' dir='ltr'>regno</span> 
     </span>
     <span class='ocr_line' id='line_1_38' title="bbox 255 4217 1605 4306; baseline 0.004 -22"><span class='ocrx_word' id='word_1_400' title='bbox 255 4221 409 4284; x_wconf 88' lang='lat' dir='ltr'>Armeniae</span> <span class='ocrx_word' id='word_1_401' title='bbox 430 4220 614 4284; x_wconf 85' lang='lat' dir='ltr'>interdixisse</span> <span class='ocrx_word' id='word_1_402' title='bbox 637 4217 738 4306; x_wconf 76' lang='grc' dir='ltr'>(αὐτῷ</span> <span class='ocrx_word' id='word_1_403' title='bbox 765 4218 914 4301; x_wconf 76' lang='grc' dir='ltr'>ἀπεῖπε).</span> <span class='ocrx_word' id='word_1_404' title='bbox 959 4223 1036 4286; x_wconf 88' lang='lat' dir='ltr'>llaec</span> <span class='ocrx_word' id='word_1_405' title='bbox 1062 4225 1179 4304; x_wconf 91' lang='lat' dir='ltr'>quando</span> <span class='ocrx_word' id='word_1_406' title='bbox 1206 4224 1373 4300; x_wconf 86' lang='lat' dir='ltr'>acciderint,</span> <span class='ocrx_word' id='word_1_407' title='bbox 1401 4225 1461 4287; x_wconf 91' lang='lat' dir='ltr'>iam</span> <span class='ocrx_word' id='word_1_408' title='bbox 1484 4236 1605 4300; x_wconf 82' lang='lat' dir='ltr'>constat,</span> 
     </span>
     <span class='ocr_line' id='line_1_39' title="bbox 256 4325 1604 4409; baseline 0.001 -21"><span class='ocrx_word' id='word_1_409' title='bbox 256 4335 412 4408; x_wconf 89' lang='lat' dir='ltr'>postquam</span> <span class='ocrx_word' id='word_1_410' title='bbox 438 4327 554 4388; x_wconf 90' lang='lat' dir='ltr'>nummi</span> <span class='ocrx_word' id='word_1_411' title='bbox 575 4325 705 4388; x_wconf 90' lang='lat' dir='ltr'>Parthici</span> <span class='ocrx_word' id='word_1_412' title='bbox 732 4346 827 4408; x_wconf 93' lang='lat' dir='ltr'>nuper</span> <span class='ocrx_word' id='word_1_413' title='bbox 848 4327 953 4409; x_wconf 91' lang='lat' dir='ltr'>prolati</span> <span class='ocrx_word' id='word_1_414' title='bbox 975 4329 1140 4390; x_wconf 90' lang='lat' dir='ltr'>docuerunt</span> <span class='ocrx_word' id='word_1_415' title='bbox 1160 4328 1311 4390; x_wconf 84' lang='lat' dir='ltr'>Vononem</span> <span class='ocrx_word' id='word_1_416' title='bbox 1337 4328 1373 4391; x_wconf 90' lang='lat' dir='ltr'>ab</span> <span class='ocrx_word' id='word_1_417' title='bbox 1394 4329 1542 4393; x_wconf 85' lang='lat' dir='ltr'>Artabano</span> <span class='ocrx_word' id='word_1_418' title='bbox 1571 4349 1604 4392; x_wconf 89' lang='lat' dir='ltr'>ex</span> 
     </span>
     <span class='ocr_line' id='line_1_40' title="bbox 256 4427 1603 4515; baseline 0.004 -24"><span class='ocrx_word' id='word_1_419' title='bbox 256 4429 374 4491; x_wconf 90' lang='lat' dir='ltr'>Parthia</span> <span class='ocrx_word' id='word_1_420' title='bbox 394 4429 514 4511; x_wconf 90' lang='lat' dir='ltr'>pulsum</span> <span class='ocrx_word' id='word_1_421' title='bbox 536 4448 600 4491; x_wconf 89' lang='lat' dir='ltr'>esse</span> <span class='ocrx_word' id='word_1_422' title='bbox 622 4449 648 4491; x_wconf 92' lang='lat' dir='ltr'>a.</span> <span class='ocrx_word' id='word_1_423' title='bbox 665 4427 801 4506; x_wconf 73' lang='lat' dir='ltr'>Iddll1).</span> <span class='ocrx_word' id='word_1_424' title='bbox 837 4431 938 4512; x_wconf 89' lang='lat' dir='ltr'>Itaque</span> <span class='ocrx_word' id='word_1_425' title='bbox 954 4451 988 4493; x_wconf 90' lang='lat' dir='ltr'>eo</span> <span class='ocrx_word' id='word_1_426' title='bbox 1003 4434 1064 4494; x_wconf 89' lang='lat' dir='ltr'>lere</span> <span class='ocrx_word' id='word_1_427' title='bbox 1078 4441 1211 4513; x_wconf 90' lang='lat' dir='ltr'>tempore</span> <span class='ocrx_word' id='word_1_428' title='bbox 1227 4435 1307 4510; x_wconf 89' lang='lat' dir='ltr'>(nam</span> <span class='ocrx_word' id='word_1_429' title='bbox 1323 4435 1467 4496; x_wconf 87' lang='lat' dir='ltr'>amissum</span> <span class='ocrx_word' id='word_1_430' title='bbox 1482 4453 1603 4515; x_wconf 88' lang='lat' dir='ltr'>regnum</span> 
     </span>
    </p>
   </div>
   <div class='ocr_carea' id='block_1_5' title="bbox 257 4583 1603 4827">
    <p class='ocr_par' dir='ltr' id='par_1_5' title="bbox 257 4583 1603 4827">
     <span class='ocr_line' id='line_1_41' title="bbox 358 4583 1602 4655; baseline 0.002 -17"><span class='ocrx_word' id='word_1_431' title='bbox 358 4586 381 4648; x_wconf 88' lang='lat'>¹)</span> <span class='ocrx_word' id='word_1_432' title='bbox 399 4585 463 4638; x_wconf 80' lang='lat' dir='ltr'>Vide</span> <span class='ocrx_word' id='word_1_433' title='bbox 485 4583 553 4636; x_wconf 85' lang='lat' dir='ltr'>inlra</span> <span class='ocrx_word' id='word_1_434' title='bbox 570 4601 594 4652; x_wconf 90' lang='lat' dir='ltr'>p.</span> <span class='ocrx_word' id='word_1_435' title='bbox 608 4585 664 4637; x_wconf 80' lang='grc'>143.</span> <span class='ocrx_word' id='word_1_436' title='bbox 700 4585 794 4637; x_wconf 80' lang='lat' dir='ltr'>Eodem</span> <span class='ocrx_word' id='word_1_437' title='bbox 816 4595 929 4654; x_wconf 86' lang='lat' dir='ltr'>tempore</span> <span class='ocrx_word' id='word_1_438' title='bbox 953 4587 996 4640; x_wconf 88' lang='lat' dir='ltr'>vel</span> <span class='ocrx_word' id='word_1_439' title='bbox 1015 4587 1100 4655; x_wconf 84' lang='lat' dir='ltr'>paullo</span> <span class='ocrx_word' id='word_1_440' title='bbox 1118 4595 1177 4638; x_wconf 86' lang='lat' dir='ltr'>autc</span> <span class='ocrx_word' id='word_1_441' title='bbox 1195 4603 1258 4654; x_wconf 78' lang='lat' dir='ltr'>quae</span> <span class='ocrx_word' id='word_1_442' title='bbox 1275 4591 1362 4655; x_wconf 87' lang='lat' dir='ltr'>posuit</span> <span class='ocrx_word' id='word_1_443' title='bbox 1378 4588 1487 4642; x_wconf 80' lang='lat' dir='ltr'>Ovidius</span> <span class='ocrx_word' id='word_1_444' title='bbox 1505 4591 1531 4641; x_wconf 85' lang='lat' dir='ltr'>ir</span> <span class='ocrx_word' id='word_1_445' title='bbox 1549 4605 1602 4641; x_wconf 86' lang='lat' dir='ltr'>crr-</span> 
     </span>
     <span class='ocr_line' id='line_1_42' title="bbox 257 4671 1603 4742; baseline 0.001 -18"><span class='ocrx_word' id='word_1_446' title='bbox 257 4673 324 4724; x_wconf 83' lang='lat' dir='ltr'>mine</span> <span class='ocrx_word' id='word_1_447' title='bbox 342 4672 413 4724; x_wconf 72' lang='lat' dir='ltr'>trist</span> <span class='ocrx_word' id='word_1_448' title='bbox 431 4673 456 4739; x_wconf 80' lang='lat'>2,</span> <span class='ocrx_word' id='word_1_449' title='bbox 470 4671 532 4722; x_wconf 76' lang='lat'><strong>227:</strong></span> <span class='ocrx_word' id='word_1_450' title='bbox 554 4688 620 4722; x_wconf 81' lang='lat' dir='ltr'>nune</span> <span class='ocrx_word' id='word_1_451' title='bbox 639 4674 704 4741; x_wconf 78' lang='lat' dir='ltr'>petit</span> <span class='ocrx_word' id='word_1_452' title='bbox 728 4675 870 4736; x_wconf 73' lang='lat' dir='ltr'>Arctantur</span> <span class='ocrx_word' id='word_1_453' title='bbox 890 4687 980 4740; x_wconf 82' lang='lat' dir='ltr'>pacem</span> <span class='ocrx_word' id='word_1_454' title='bbox 997 4674 1131 4740; x_wconf 84' lang='lat' dir='ltr'>premenda</span> <span class='ocrx_word' id='word_1_455' title='bbox 1153 4689 1202 4724; x_wconf 89' lang='lat' dir='ltr'>oon</span> <span class='ocrx_word' id='word_1_456' title='bbox 1224 4682 1293 4740; x_wconf 86' lang='lat' dir='ltr'>sunt,</span> <span class='ocrx_word' id='word_1_457' title='bbox 1319 4691 1375 4727; x_wconf 85' lang='lat' dir='ltr'>cum</span> <span class='ocrx_word' id='word_1_458' title='bbox 1398 4690 1427 4726; x_wconf 85' lang='lat' dir='ltr'>co</span> <span class='ocrx_word' id='word_1_459' title='bbox 1452 4675 1509 4727; x_wconf 90' lang='lat' dir='ltr'>Ioco</span> <span class='ocrx_word' id='word_1_460' title='bbox 1532 4682 1603 4742; x_wconf 82' lang='lat' dir='ltr'>poeta</span> 
     </span>
     <span class='ocr_line' id='line_1_43' title="bbox 257 4758 1158 4827; baseline 0.002 -17"><span class='ocrx_word' id='word_1_461' title='bbox 257 4759 386 4826; x_wconf 82' lang='lat' dir='ltr'>complura</span> <span class='ocrx_word' id='word_1_462' title='bbox 404 4760 541 4821; x_wconf 77' lang='lat' dir='ltr'>coniungat</span> <span class='ocrx_word' id='word_1_463' title='bbox 557 4759 589 4809; x_wconf 80' lang='lat' dir='ltr'>ad</span> <span class='ocrx_word' id='word_1_464' title='bbox 606 4758 724 4811; x_wconf 82' lang='lat' dir='ltr'>diversos</span> <span class='ocrx_word' id='word_1_465' title='bbox 742 4774 821 4811; x_wconf 78' lang='lat' dir='ltr'>anuos</span> <span class='ocrx_word' id='word_1_466' title='bbox 838 4761 992 4827; x_wconf 88' lang='lat' dir='ltr'>populosque</span> <span class='ocrx_word' id='word_1_467' title='bbox 1010 4760 1158 4827; x_wconf 79' lang='lat' dir='ltr'>spectantia.</span> 
     </span>
    </p>
   </div>
   <div class='ocr_carea' id='block_1_6' title="bbox 0 0 1781 5417">
    <p class='ocr_par' dir='ltr' id='par_1_6' title="bbox 0 0 1781 5417">
     <span class='ocr_line' id='line_1_44' title="bbox 0 0 1781 5417; baseline 0 0"><span class='ocrx_word' id='word_1_468' title='bbox 0 0 1781 5417; x_wconf 95' lang='lat' dir='ltr'> </span> 
     </span>
    </p>
   </div>
  </div>
 </body>
</html>
