3525 5417
740 296 789 365 IV,
810 298 879 353 1-8
1443 298 1485 362 79

131 479 191 560 est)
212 479 277 542 iure
299 463 444 542 eius‘non
465 486 581 541 mumto
599 475 763 539 aedificium
779 477 870 540 sacris
885 475 988 539 usibus
1003 475 1181 538 destinatum
1197 474 1362 556 imponere3
1385 484 1486 536 contra

132 583 276 665 templum
303 584 354 664 qui
382 582 524 656 institnit,
551 582 662 645 scilicet
688 582 767 662 quod
796 589 972 663 perpetuum
1002 581 1049 655 sit,
1077 580 1143 661 plus
1165 584 1268 654 lacere,
1291 598 1360 641 cum
1390 579 1485 642 solnm

131 695 217 749 antea
238 686 384 769 privatum
406 686 437 748 in
460 705 576 749 sacrum
598 687 645 748 ins
668 684 863 759 transmittam
889 693 1044 766 potestque
1071 693 1149 747 recte
1176 681 1293 746 delendi
1323 683 1423 745 aedem
1450 682 1486 743 ad

131 790 317 872 superficiem
340 789 495 870 pertinere,
518 790 627 871 templo
649 790 745 851 solum
768 808 884 870 quoque
907 787 1125 870 comprehendi.
1169 788 1278 849 Verum
1301 796 1346 850 est
1367 787 1408 849 ita
1432 787 1487 848 hoc

130 893 251 974 quidem
273 902 361 975 caput
383 893 425 974 (4,
444 896 471 955 1.
488 893 541 971 21)
564 895 635 956 satis
658 891 796 973 expediri,
819 911 879 954 non
903 893 973 954 item
989 891 1135 973 explicari,
1158 910 1212 954 eur
1226 890 1313 953 etiam
1330 899 1398 972 post
1411 893 1487 952 facta

130 997 252 1060 delubra
274 996 427 1060 diversitas
449 1004 575 1066 maneat,
599 1006 632 1058 ut
654 1004 753 1057 manet
774 995 896 1058 omnino
912 1001 950 1072 (v.
968 997 996 1071 4,
1013 995 1062 1058 25.
1079 997 1108 1071 5,
1125 994 1188 1074 42).
1234 994 1291 1056 Sed
1312 1013 1380 1057 curn
1396 1010 1487 1074 semel

129 1101 321 1172 obtinuisset,
344 1110 378 1163 ut
400 1101 520 1163 delubra
541 1119 558 1162 a
580 1099 710 1181 principe
732 1098 772 1160 ita
787 1100 954 1174 constituta,
979 1107 1012 1161 ut
1027 1097 1127 1179 templi
1143 1117 1260 1179 qnoque
1275 1097 1321 1160 ius
1336 1098 1372 1160 ad
1388 1097 1485 1179 ipsum

129 1205 249 1279 rediret,
271 1204 328 1266 boc
349 1204 489 1266 vocabulo
511 1203 700 1284 potissimum
721 1203 947 1284 appellarentur,
971 1201 1072 1282 templi
1091 1202 1253 1282 appellatio,
1282 1201 1389 1282 quippe
1411 1219 1486 1280 quae

129 1307 251 1370 maioris
267 1307 401 1369 beneficii
418 1307 589 1370 memoriam
605 1306 752 1387 quandam
768 1307 941 1381 contineret,
964 1305 1052 1368 etiam
1067 1314 1135 1385 post
1149 1304 1359 1368 dedicationem
1375 1313 1487 1367 retenta

128 1420 186 1473 est.
222 1411 376 1474 Praeterea
389 1413 540 1490 Angustus
564 1410 613 1472 ubi
634 1410 665 1473 in
688 1410 857 1474 universum
874 1410 909 1472 de
924 1408 1063 1471 aediliciis
1078 1409 1168 1471 sacris
1183 1408 1269 1470 verba
1284 1407 1361 1481 lacit,
1385 1407 1487 1487 templi

127 1513 271 1576 uocabulo
313 1514 406 1576 utitur
439 1515 490 1588 (4,
520 1514 569 1574 17.
595 1514 645 1575 49.
671 1514 741 1588 50),
780 1513 810 1574 in
853 1511 978 1593 singulis
1015 1512 1102 1574 aedis.
1136 1547 1178 1556 —-
1210 1512 1318 1592 Opera,
1357 1527 1485 1590 quorum

128 1626 269 1699 sumptus
291 1616 524 1680 subministravit
546 1617 706 1696 Augustus,
734 1635 801 1679 cum
830 1617 935 1679 tierent
962 1615 1017 1679 sub
1045 1617 1164 1677 nomine
1186 1614 1290 1690 alieno,
1313 1622 1347 1676 ut
1368 1611 1486 1676 basilica

125 1721 252 1784 Aemilia
276 1721 398 1798 (Becker
419 1740 447 1801 p.
464 1719 549 1795 306),
575 1718 707 1801 porticus
730 1720 865 1783 Octaviae
889 1718 954 1791 (Dio
976 1721 1026 1792 49,
1051 1718 1114 1799 43),
1143 1718 1273 1799 porticus
1302 1717 1399 1779 Liviae
1422 1715 1487 1792 (Dio

126 1826 183 1899 54,
206 1823 263 1900 23;
284 1824 395 1887 Becker
416 1844 444 1906 p.
461 1823 546 1900 542),
574 1826 603 1887 ιιι
632 1825 688 1887 boc
717 1842 838 1887 suarum
867 1823 1101 1886 aedificationum
1125 1839 1248 1884 recensu
1275 1821 1425 1902 Angustus
1455 1831 1488 1881 ut

124 1946 186 2008 par
213 1936 277 1990 erat
305 1928 517 2009 praetermisit3
549 1927 748 2008 praetermisit
775 1927 846 1990 item
876 1945 962 2008 opera
991 1945 1006 1988 a
1035 1927 1096 1988 suis
1117 1928 1202 1998 facta,
1230 1933 1265 1987 ut
1286 1925 1386 1986 aedem
1410 1923 1487 1985 Con-

125 2033 247 2094 cordiae
268 2051 295 2093 a.
312 2031 373 2094 783
400 2031 562 2094 dedicatam
588 2051 605 2093 a
627 2031 743 2094 Tiberio
765 2031 810 2111 (C.
826 2031 847 2092 l.
864 2029 896 2092 L.
912 2030 925 2090 l
944 2050 972 2112 p.
989 2029 1080 2110 384);
1107 2028 1227 2092 admisit
1254 2047 1328 2110 quae
1356 2027 1419 2109 ipse
1447 2027 1486 2089 ita

124 2135 216 2210 lecit,
251 2144 285 2198 nt
312 2135 367 2198 snb
393 2135 512 2197 nomine
540 2135 746 2198 detunctorum
770 2134 925 2210 dedicaret,
948 2142 982 2196 ut
1003 2134 1150 2196 theatrum
1174 2131 1300 2194 Marcelli
1323 2131 1364 2207 (4,
1381 2129 1434 2211 22)
1457 2139 1487 2192 et

125 2238 279 2301 basilicam
303 2239 366 2301 Caii
388 2249 419 2300 et
440 2237 523 2301 Lucii
545 2240 586 2315 (4,
610 2239 671 2317 16).
694 2274 736 2283 -
759 2238 901 2301 Ordinem
930 2237 959 2300 in
984 2237 1105 2318 singulis
1128 2244 1247 2298 secutus
1269 2244 1316 2297 est
1335 2235 1486 2314 Angustus

125 2340 282 2422 temporis,
305 2341 381 2404 sient
395 2352 473 2403 recte
488 2341 652 2404 observavit
667 2342 831 2424 Zumptius,
853 2341 912 2404 nisi
927 2341 1005 2422 quod
1021 2340 1178 2413 interdum,
1201 2338 1328 2400 mamme
1350 2337 1381 2400 in
1404 2347 1486 2419 parte
1560 2351 1562 2357 ’

124 2444 260 2507 secunda
282 2444 434 2525 tertiaque,
458 2464 490 2507 re
512 2445 668 2508 coniuncta
690 2454 918 2528 componuntur.
963 2444 1003 2506 lle
1027 2444 1148 2525 singulis
1175 2443 1216 2505 ita
1245 2442 1419 2515 ridebimus,
1448 2458 1486 2504 ne

122 2549 160 2611 in
186 2549 434 2630 topograpborum
456 2549 635 2630 provinciam
659 2550 856 2613 incurramus.

234 2651 323 2715 θοοιο
336 2663 363 2714 et
377 2657 522 2716 ιοοιιιιαιι
537 2658 565 2715 e·
579 2653 779 2717 Cholmdicatm.
809 2655 852 2716 Cf.
868 2651 979 2714 Becker
994 2659 1054 2731 top.
1069 2669 1098 2730 p.
1114 2648 1175 2710 330
1192 2668 1251 2730 sq.;
1272 2647 1378 2710 lordan
1394 2645 1486 2730 Topo-

119 2755 245 2837 propht'e
275 2757 326 2817 der
352 2755 435 2818 Stodt
455 2755 527 2818 Rom
556 2758 584 2829 1,
606 2756 626 2816 2
649 2756 758 2838 (1883)
781 2777 810 2838 p.
827 2756 904 2832 25ος
931 2755 1007 2817 Rud.
1031 2753 1169 2815 Lanciani
1196 2751 1287 2816 l'uttlc
1308 2771 1323 2814 e
1342 2752 1386 2835 pli
1404 2753 1489 2833 uffin'

123 2858 178 2921 del
203 2870 300 2923 senuto
333 2877 456 2922 romono
482 2859 526 2938 (in
559 2861 632 2922 actis
664 2861 828 2924 academiae
854 2861 1003 2922 Romanae
1033 2857 1128 2937 regiae
1157 2856 1341 2938 Lynceorum
1371 2856 1427 2918 rol.
1447 2856 1482 2916 ll

122 2983 153 3025 a.
175 2961 311 3041 188213).
348 2963 434 3025 Curia
449 2963 521 3025 lulia
543 2966 618 3025 facta
640 2973 686 3026 est
708 2983 733 3026 a.
752 2963 814 3025 712
830 2973 905 3026 teste
921 2962 1012 3024 Dione
1034 2961 1097 3037 (47,
1115 2961 1168 3022 19:
1190 2958 1228 3022 ad
1251 2953 1484 3040 βουλευτήριον

122 3065 167 3129 τὸ
184 3062 322 3129 Ἰούλιον
350 3062 408 3129 ἀπ’
442 3060 543 3128 αὐτοῦ
569 3103 609 3110 -
632 3067 781 3129 sciliceta
803 3065 925 3128 Caesare
947 3065 1089 3127 dictatore
1113 3101 1151 3108 —
1176 3059 1299 3146 κληθὲν
1326 3060 1419 3146 παρὰ
1440 3061 1487 3146 epi

121 3172 268 3252 κομιτίῳ
284 3162 509 3253 ὠνομασμένοι
526 3165 728 3252 ᾠκοδόμουν,
746 3162 857 3250 ὥσπερ
874 3164 1056 3251 ἐψήφιστο,
1081 3167 1109 3229 ιιι
1130 3174 1175 3229 est
1196 3185 1221 3228 a.
1236 3168 1306 3240 711,
1324 3186 1349 3227 v.
1363 3165 1416 3227 bio
1432 3167 1481 3238 44,

125 3275 161 3333 5.
186 3272 306 3347 45,17)
328 3272 413 3353 eique
435 3291 522 3344 anno,
545 3290 604 3333 non
627 3290 705 3334 anno
721 3271 792 3346 725,
815 3291 874 3352 quo
897 3279 964 3352 post
978 3269 1129 3333 Actiacum
1152 3269 1336 3350 triumphum
1353 3268 1483 3330 dedicata

122 3387 175 3438 est
197 3375 264 3456 (bio
279 3377 334 3450 51,
360 3375 428 3456 22),
459 3395 523 3437 eam
554 3375 687 3456 adsignat
707 3376 803 3450 locus,
833 3393 922 3456 quern
949 3382 1030 3436 tenet
1051 3376 1081 3436 in
1105 3381 1298 3436 monumento
1320 3372 1484 3452 Ancyrano.

122 3480 327 3542 Chalcidicum
356 3488 454 3542 autern
484 3478 605 3541 omnino
632 3489 678 3542 est
703 3478 862 3541 sacrarium
891 3478 1036 3540 Minervae
1062 3477 1240 3540 Chalcidicae
1268 3476 1297 3537 id
1324 3475 1402 3556 quod
1432 3474 1484 3536 Dio

122 3585 146 3646 l.
166 3603 191 3646 c.
215 3603 273 3647 una
294 3601 363 3646 cnm
386 3583 467 3646 curia
489 3583 654 3646 dedicatum
670 3601 735 3644 esse
750 3581 866 3645 scribit:
889 3578 926 3644 τό
948 3603 983 3644 τε
993 3576 1176 3664 Ἀθήναιον
1197 3579 1234 3642 τὸ
1255 3579 1311 3660 (sic
1325 3579 1405 3652 Ven,
1429 3577 1483 3640 καὶ

122 3685 167 3750 τὸ
190 3687 273 3749 codd.
294 3686 441 3766 vulgares)
464 3684 669 3750 Χαλκιδικὸν
697 3683 931 3768 ὠνομασμένον
959 3683 1014 3746 καὶ
1037 3684 1073 3746 τὸ
1096 3679 1328 3767 βουλευτήριον
1348 3683 1385 3744 τὸ
1403 3677 1485 3745 'Iov-

123 3789 237 3854 λίειον
261 3789 298 3853 τὸ
321 3787 378 3852 ἐπὶ
401 3789 441 3878 τῇ
462 3787 522 3852 τοῦ
543 3787 669 3872 πατρὸς
690 3785 792 3853 αὐτοῦ
813 3789 892 3872 τιμῇ
913 3786 1090 3870 γενόμενον
1105 3788 1323 3871 καθιέρωσεν,
1343 3801 1399 3848 nec
1413 3793 1485 3865 puto

123 3895 166 3956 de
187 3913 222 3956 ea
242 3913 275 3956 re
297 3912 439 3975 nmquam
462 3893 646 3956 dubitassent
666 3892 721 3956 viri
742 3893 829 3969 docti,
851 3892 910 3954 nisi
932 3891 1094 3972 decepisset
1108 3909 1158 3952 eos
1173 3889 1259 3953 lectio
1273 3888 1375 3952 Dionis
1390 3889 1485 3952 inter·

123 3998 235 4080 polata.
266 3999 403 4061 Ceterum
425 4017 464 4060 ne
485 4015 576 4071 erres,
599 3997 796 4060 Chalcidicum
820 3996 1006 4058 monumenti
1021 3994 1165 4074 Ancyrani
1185 3994 1334 4056 diversum
1356 4002 1403 4057 est
1424 4001 1484 4055 mm

122 4103 166 4165 ab
193 4102 264 4165 aede
289 4102 436 4165 blinerrae
465 4099 660 4174 Chalcidicae,
689 4118 777 4181 quam
805 4102 836 4162 in
864 4117 971 4181 campo
991 4097 1094 4160 llartio
1121 4097 1280 4159 aedificarit
1302 4095 1485 4159 Domitianus

123 4206 253 4287 (Becker
274 4225 304 4288 p.
320 4205 397 4281 6463
419 4204 530 4268 Preller
551 4223 610 4284 reg.
626 4223 656 4285 p.
674 4203 762 4279 178),
784 4222 873 4284 quam
897 4203 932 4266 ab
954 4203 1024 4265 aede
1040 4201 1185 4266 Minervae
1212 4202 1248 4264 ad
1274 4204 1371 4263 forum
1394 4219 1485 4282 prope

125 4310 284 4372 Castorum
312 4309 398 4371 aedes
426 4311 501 4371 lacta
532 4308 569 4373 ab
597 4309 700 4370 eodem
729 4307 896 4371 Domitiano
923 4307 1047 4388 (Becker
1068 4315 1128 4387 top.
1144 4325 1173 4386 p.
1189 4304 1266 4380 3553
1294 4304 1403 4367 Preller
1423 4322 1484 4385 reg.

123 4434 158 4496 p.
175 4413 249 4494 148)
270 4421 399 4494 notaque
420 4411 592 4492 praesertim
616 4431 652 4474 ex
673 4411 787 4493 legibus
809 4410 982 4474 decivitate
1003 4409 1148 4474 veteranis
1171 4408 1263 4472 danda
1286 4407 1484 4471 allomitiano

123 4517 195 4579 inde
228 4516 264 4579 ad
292 4535 356 4579 eam
384 4516 485 4578 aedem
512 4516 669 4597 propositis
698 4515 748 4596 (ci.
772 4515 888 4578 Bollett.
912 4514 994 4577 1845
1021 4536 1049 4597 p.
1076 4514 1159 4595 127).
1208 4514 1316 4576 Contra
1345 4513 1423 4593 quod
1454 4515 1484 4576 in

124 4620 231 4685 notitia
254 4621 336 4683 urbis
358 4621 477 4701 regione
499 4631 599 4683 octava
622 4630 761 4692 senatum,
784 4619 814 4680 id
836 4629 883 4680 est
904 4619 1016 4681 curiam
1033 4617 1145 4693 Iuliam,
1169 4617 1360 4697 subsequitur
1375 4621 1484 4679 utrium

123 4725 282 4800 Minervae,
305 4726 403 4806 ipsum
418 4725 556 4788 existimo
570 4743 635 4787 esse
650 4723 836 4786 monumenti
846 4723 991 4804 Ancyram
1004 4721 1210 4796 Chalcidicum,
1236 4712 1483 4800 confirmaturque
