3525 5417
252 362 314 424 112
846 355 880 423 V,
900 357 1003 412 24-31

248 537 281 599 ld
311 547 356 600 est
379 534 555 615 [Βασιλεὺς
577 531 802 618 Ἀρταβάσδης
829 532 952 618 ἔζησῙεν
984 532 1181 615 inconmoda)
1212 531 1278 598 bb'.
1324 536 1405 614 [lieo]
1433 536 1606 600 Artabasdos

249 641 344 721 [filiios-s
371 644 445 719 repis
466 639 672 702 Ariobarzanis
699 641 792 718 [mmlt
820 657 912 702 amoos
934 655 1073 699 xxxam.
1123 638 1197 700 Nam
1223 640 1303 701 hunc
1324 640 1421 720 ipsum
1444 639 1603 720 intellegi¹l

247 743 315 804 inde
336 743 537 815 confirmatur,
568 743 646 822 quod
672 741 861 803 Artavasdem
892 761 960 804 eum
982 743 1017 806 de
1039 762 1098 822 quo
1120 741 1216 821 agitur
1237 741 1331 804 filium
1353 743 1444 804 tuisse
1465 743 1606 806 Ariobar-

247 844 327 906 zanis
352 845 504 924 Augustus
536 844 592 904 hoc
622 844 687 924 ipso
720 845 784 906 loco
819 845 954 908 declarat.
981 881 1023 892 -
1053 847 1175 907 Artanes
1202 845 1358 907 Armeniae
1389 865 1442 908 rex
1474 847 1605 926 itemque

238 947 358 1030 ‘Mediae
385 947 577 1009 nihilomiuus
612 966 665 1028 per
691 946 802 1026 aliquot
830 967 940 1022 annos,
974 958 1008 1011 ut
1035 949 1076 1011 ait
1097 948 1215 1011 Tacitus
1244 949 1324 1026 (ann.
1345 949 1375 1021 2,
1398 948 1440 1025 3),
1467 954 1606 1012 memoria

243 1055 337 1130 potro's
358 1050 495 1113 llomanis
516 1053 647 1131 infernos
668 1050 872 1112 Arsacidarum
894 1056 926 1114 oi
944 1071 1025 1134 seque
1046 1069 1221 1133 regnumque
1243 1062 1349 1114 tataros
1371 1064 1419 1114 est.

348 1155 433 1215 Anno
461 1154 581 1214 demum
605 1153 667 1214 734
689 1153 840 1232 Augustus
870 1163 903 1216 ut
932 1155 1061 1217 Orientis
1095 1162 1204 1216 statum
1238 1155 1388 1216 ordinaret
1418 1153 1482 1235 ipse
1515 1174 1605 1235 expe-

246 1257 388 1319 ditionem
417 1257 448 1318 in
478 1257 591 1337 Syriam
619 1256 749 1336 suscepit
779 1256 948 1336 bellumque
975 1259 1091 1320 videtur
1117 1255 1217 1318 Artaxi
1246 1257 1381 1317 illaturus
1415 1255 1522 1331 luisse;
1553 1257 1604 1318 sed

246 1370 404 1440 antequam
430 1379 484 1430 res
504 1360 541 1420 ad
569 1377 650 1421 arma
677 1358 798 1432 veniret,
825 1359 851 1419 is
872 1378 888 1420 a
911 1360 1086 1441 propinquis
1108 1360 1280 1421 interfectus
1302 1368 1356 1420 est.
1401 1358 1474 1420 Rem
1504 1369 1606 1421 narrat

246 1463 301 1524 llio
323 1464 410 1537 54‚9
431 1464 468 1524 ad
490 1482 515 1523 a.
532 1462 608 1523 734:
635 1461 700 1525 τῶν
716 1457 897 1543 Ἀρμονὶων
918 1462 983 1525 τῶν
1006 1459 1124 1546 ἑτέρων
1146 1461 1266 1542 (nempe
1287 1461 1441 1522 Armeniae
1471 1461 1604 1538 maiam)

245 1565 305 1627 τοῦ
325 1588 361 1627 τε
377 1561 533 1647 Ἀρτάξοο
559 1560 852 1647 κατηγορησάντων
881 1563 939 1626 καὶ
966 1563 1025 1629 τὸν
1051 1557 1217 1648 Τιγράνην
1241 1562 1300 1626 τὸν
1327 1559 1475 1646 ἀδελφὸν
1503 1559 1605 1626 αὐτοῦ

245 1665 282 1731 ἐν
303 1667 342 1756 τῇ
360 1664 464 1752 Ῥώμη
488 1663 567 1730 ὄντα
588 1668 919 1750 μεταπεμψαμένων,
942 1663 1207 1741 perdormiscin
1232 1669 1406 1749 Τιβέριον,
1433 1661 1527 1738 ὅπως
1548 1687 1607 1728 τον

246 1767 307 1852 μὲν
328 1767 449 1852 inficite]
471 1770 527 1853 τῆς
548 1767 738 1851 βασιλείας,
758 1768 817 1830 τὸν
837 1767 876 1832 δὲ
898 1767 931 1842 ἐς
953 1765 1055 1853 αὐτην
1076 1767 1349 1853 ἀποκαταστήσῃ·
1371 1768 1426 1831 καὶ
1446 1765 1604 1851 ἐπράχθη

246 1870 306 1954 μὲν
328 1869 425 1937 οὐδὲν
444 1874 501 1957 τῆς
523 1872 731 1956 παρασκευῆς
757 1864 862 1935 αὐτοῦ
890 1869 999 1945 ἄξιον·
1026 1869 1060 1936 oi
1090 1871 1152 1956 γὰρ
1175 1867 1342 1955 Ἀρμένιοι
1371 1871 1430 1935 τὸν
1446 1867 1606 1954 Ἀρτάξην

246 1971 530 2060 προαπέκτειναν,
557 1977 587 2037 id
618 1977 697 2055 quod
726 1977 881 2038 confirmat
906 1976 1024 2038 Tacitus
1052 1977 1072 2038 l.
1095 1995 1135 2038 c.:
1163 1980 1252 2038 occiso
1284 1976 1406 2038 Artam'o
1429 1993 1485 2054 per
1507 1975 1606 2037 dolam

242 2083 474 2160 propitiatiorum
499 2080 549 2159 (cl.
565 2079 692 2140 Velleius
714 2077 743 2151 2,
760 2079 810 2139 94.
829 2077 905 2151 1223
932 2077 1074 2158 Iosephus
1098 2079 1146 2152 15,
1163 2081 1191 2152 4,
1209 2078 1244 2152 3;
1273 2078 1434 2140 Suetonius
1456 2079 1530 2157 Aug.
1547 2077 1605 2152 213

246 2183 355 2244 Eclshel
378 2183 407 2253 6,
423 2182 477 2261 98)
499 2183 712 2260 confirmatque
734 2182 796 2260 ipse
817 2184 968 2260 Augustus
991 2181 1046 2243 hoo
1068 2201 1155 2260 quem
1185 2199 1358 2243 enarramus
1381 2181 1454 2242 loco.
1499 2180 1606 2260 Tigra-

246 2304 315 2347 nem
337 2304 435 2364 regem
459 2304 491 2346 se
512 2285 617 2346 iecisse
639 2285 784 2346 maiorum
808 2284 941 2364 exemplo
955 2284 1107 2363 Augustus
1130 2284 1231 2346 scribit
1247 2285 1379 2363 cogitans
1402 2284 1436 2345 de
1452 2283 1605 2364 Pompeio,

246 2387 297 2468 qui
319 2407 344 2449 a.
361 2387 423 2450 688
450 2387 585 2449 similiter
610 2406 663 2448 avo
690 2386 779 2448 huius
802 2385 918 2465 Tigrani
945 2405 1071 2465 regnum
1098 2387 1267 2449 restituerat
1294 2405 1405 2466 suaque
1427 2405 1516 2447 manu
1540 2386 1605 2446 dia-

247 2492 332 2554 demo
353 2491 535 2572 imposuerat
556 2489 721 2565 (Drumann
743 2490 772 2562 4,
788 2489 873 2568 440),
896 2489 1005 2569 pariter
1026 2497 1114 2568 atque
1136 2498 1200 2550 tum
1223 2491 1306 2552 iussu
1327 2489 1453 2568 Augusti
1467 2488 1606 2550 Tiberius

244 2614 365 2674 regnum
386 2596 536 2656 Amnmtae
551 2593 668 2673 Tigrani
686 2597 806 2655 renotuit
827 2611 861 2653 ac
879 2611 937 2671 pro
958 2591 1101 2654 tribunali
1122 2591 1254 2654 diademo
1267 2595 1402 2672 imposuit
1416 2591 1517 2670 (verba
1533 2603 1606 2652 sunt

247 2696 381 2758 Suetonii
407 2696 470 2757 Tih.
486 2697 522 2769 93
548 2699 584 2756 ct.
605 2694 731 2757 Velleius
754 2693 885 2771 2122),
930 2694 1003 2757 Cum
1032 2703 1130 2756 autem
1153 2713 1228 2773 quae
1250 2695 1369 2774 quidem
1391 2713 1480 2774 regna
1504 2713 1604 2773 regem

245 2817 262 2859 a
283 2797 415 2878 principe
435 2798 608 2878 acciperent,
628 2807 659 2859 et
679 2797 743 2877 ipsa
761 2798 886 2877 imperio
901 2798 1034 2860 Romano
1053 2798 1381 2877 comprehenderentur,
1403 2797 1544 2858 Armenia
1564 2795 1605 2858 ita

244 2901 277 2962 in
307 2909 484 2981 potestatem
516 2901 617 2981 populi
638 2900 763 2962 Romani
796 2901 875 2962 venit
907 2900 952 2961 rel
983 2900 1081 2981 potius
1108 2900 1208 2975 rediit;
1239 2909 1399 2980 utrumque
1425 2909 1456 2960 et
1478 2899 1605 2962 Velleius

246 3003 469 3081 honestasti:
502 3005 620 3065 redacta
646 3022 680 3064 eo
704 3007 736 3065 ιἰι
758 3013 923 3083 potestatem
944 3004 1048 3083 populi
1067 3001 1206 3077 Romarm
1235 3001 1363 3078 2122:
1397 3003 1534 3066 Amnmia
1556 3021 1606 3064 rc—

246 3108 337 3187 oepta)
366 3115 396 3168 et
420 3106 551 3180 nummi,
581 3125 792 3186 saepenumero
814 3106 1016 3186 praedicantes
1038 3107 1203 3169 Armeniam
1225 3119 1348 3186 captam,
1380 3105 1534 3185 aliquoties
1555 3124 1606 3167 re-

246 3210 397 3291 ceptam²l.
431 3245 473 3253 -
506 3209 654 3271 Nummus
685 3210 721 3271 ad
754 3208 909 3287 Tigranem
941 3210 1021 3270 hunc
1053 3208 1199 3288 pertinere
1232 3209 1346 3271 videtur
1376 3228 1486 3272 aeneus
1515 3219 1607 3289 caput

245 3313 338 3393 ipsius
366 3312 476 3373 habens
504 3312 585 3374 cultu
612 3311 692 3392 regio
717 3331 785 3374 cum
807 3313 928 3374 nomine
950 3313 985 3374 ab
1008 3312 1096 3373 altera
1116 3320 1198 3390 parte
1220 3312 1256 3373 ad
1278 3313 1452 3375 Armenium
1474 3321 1604 3374 stantem

245 3415 359 3476 hastam
382 3433 542 3494 arcumque
564 3422 713 3476 tenentem
735 3415 880 3496 adscripto
903 3413 1067 3495 βασιλέως
1088 3410 1232 3497 μεγάλου
1259 3411 1423 3495 Τιγράνου
1445 3413 1606 3498 φιλέλλη-

245 3538 302 3590 νος
324 3516 472 3597 (Langlois
493 3537 573 3579 mam.
597 3517 630 3579 de
651 3515 805 3580 i’Armc'aie
825 3536 855 3598 p.
871 3517 935 3596 37).

346 3620 410 3682 Uno
436 3640 504 3681 cum
526 3619 663 3681 Armenia
684 3619 776 3680 Media
804 3639 922 3700 quoque
945 3631 1008 3682 tum
1031 3620 1062 3680 iu
1084 3629 1258 3701 potestatem
1281 3621 1482 3683 Romanorum
1506 3622 1605 3696 venit;

246 3731 326 3785 certe
354 3743 422 3786 cum
452 3743 487 3786 ex
514 3723 681 3785 narratione
707 3741 796 3803 supra
817 3723 907 3785 relata
930 3732 1066 3803 appareat
1087 3732 1248 3803 utrumque
1270 3742 1394 3802 reguum
1417 3725 1527 3804 pariter
1547 3725 1604 3786 suh

246 3826 352 3887 Artaxe
374 3827 474 3901 tuisse,
497 3845 531 3887 eo
553 3845 654 3887 everso
670 3834 902 3887 cousentaneum
917 3835 963 3888 est
983 3825 1071 3887 etiam
1086 3826 1196 3887 Mediae
1211 3825 1366 3888 arbitrium
1382 3827 1419 3887 ad
1433 3827 1600 3905 Augustum

247 3928 375 3991 delatum
398 3947 471 3989 esse.
502 3929 596 4001 Quam
619 3928 742 3990 obrem
765 3937 843 3990 recte
865 3928 924 3990 huc
945 3930 1115 4003 referemus,
1139 3929 1218 4008 quod
1233 3928 1310 4009 apud
1325 3947 1426 3991 rerum
1443 3930 1602 4009 scriptores

246 4051 321 4111 quos
343 4031 487 4093 hahemus
508 4033 698 4112 praeteritum
721 4032 871 4111 Augustus
893 4034 983 4092 relert
1005 4031 1070 4107 6,9
1092 4031 1188 4094 Medos
1210 4051 1271 4094 ose
1285 4049 1379 4112 repom
1391 4035 1503 4112 petit‘sse
1518 4033 1602 4094 Ario-

346 4258 368 4324 ι)
386 4257 481 4308 Errare
499 4259 526 4309 iu
545 4256 572 4307 C.
584 4256 603 4307 l.
616 4256 644 4320 L,
664 4258 801 4308 adnotatur
818 4258 896 4308 alium
915 4272 971 4309 csse
989 4258 1158 4309 Artavasdem
1175 4259 1328 4309 monumenti
1346 4257 1492 4327 Ancyrani,
1510 4259 1600 4326 quippe

247 4345 290 4410 qui
308 4345 334 4395 iu
353 4345 474 4396 Armenia
492 4342 644 4395 interlectos
662 4343 698 4393 sit
715 4359 761 4393 uec
779 4343 847 4393 lilius
865 4350 963 4394 mutum
981 4345 1051 4408 regis
1069 4341 1158 4409 luerit,
1180 4343 1224 4394 sed
1242 4344 1297 4410 ipre
1315 4359 1369 4395 rex.
1404 4345 1470 4398 lllud
1488 4345 1601 4412 pertinet

246 4432 277 4482 ad
295 4433 465 4483 Artavasden
482 4432 606 4494 alternum
627 4445 677 4481 rea:
699 4438 783 4481 autern
805 4430 862 4481 sice
880 4430 954 4480 dubio
974 4429 1138 4496 supplendum
1162 4436 1203 4480 est
1220 4429 1235 4480 2
1255 4430 1289 4480 iu.
1310 4429 1405 4480 nomini
1428 4431 1599 4497 praepositum

246 4526 297 4569 tam
315 4519 342 4569 iu
360 4517 414 4569 fllia
432 4532 505 4584 quam
523 4534 549 4567 m
567 4527 648 4583 patre.

346 4603 366 4666 ²)
385 4604 428 4654 Sic
444 4603 467 4654 is
485 4603 515 4652 dc
533 4618 580 4668 quo
599 4617 676 4668 supra
693 4618 716 4668 p.
732 4601 762 4652 1³
780 4601 863 4651 adnl
884 4599 995 4650 diximus
1017 4601 1108 4651 unicus
1126 4601 1205 4652 masei
1225 4600 1406 4666 Berolinecsis,
1426 4603 1488 4653 item
1507 4597 1602 4652 Gabeni

247 4704 272 4737 π.
285 4687 325 4754 to,
343 4688 441 4753 pariter
463 4694 538 4752 atque
560 4688 586 4738 in
612 4688 718 4738 nummis
741 4702 818 4752 supra
840 4703 864 4753 p.
879 4685 910 4740 12
932 4687 1019 4738 citatis
1037 4687 1106 4738 cusis
1128 4693 1186 4752 post
1204 4686 1332 4737 devictum
1351 4687 1488 4737 Antonium
1507 4685 1605 4748 legitur·

244 4774 313 4822 Asia
328 4777 438 4841 recepta.
