3525 5417
734 320 773 386 H,
791 322 897 375 34-37
1448 323 1490 384 47

134 504 269 583 Angusto
291 510 359 583 post
380 501 548 564 ordinatum
572 509 683 562 statum
707 500 821 562 Siciliae
837 499 973 561 Graeciae
995 498 1080 560 Asiae
1105 500 1202 579 Syriae
1217 500 1339 560 Romam
1356 498 1491 559 redeunti

134 607 280 688 plurimos
308 608 435 668 honores
463 606 596 667 decretos
625 624 704 679 esse,
735 605 849 666 nullum
879 622 948 666 vero
974 623 1042 666 eum
1066 605 1211 685 accepisse
1234 602 1321 687 πλὴν
1347 599 1434 686 Τύχη
1457 625 1492 664 τε

133 709 343 794 ἐπαναγωγῷ
375 704 489 792 βωμὸν
516 705 696 794 ἱδρυθῆναι
724 707 780 770 καὶ
808 708 868 791 την
893 704 1018 792 ἡμέραν
1044 702 1084 790 ἢν
1110 701 1266 791 αἠιίξοιτο
1296 703 1330 771 ἔν
1356 730 1391 769 τε
1418 716 1492 780 ταῖς

134 811 343 898 ἱερομηνίαις
377 808 607 896 ἀριθμεῖσθαι
636 813 692 873 aad·
724 806 962 889 Λῦγοοστοίλια
993 807 1236 894 ὀνομάζεσθαι,
1270 813 1398 873 honores
1432 820 1491 873 tres

134 919 268 981 diversos
301 936 478 980 enumerans
508 937 525 980 a
550 915 763 978 recentioribus
796 923 870 978 non'
890 916 961 978 satis
992 916 1154 990 distinctos,
1185 935 1251 978 arae
1279 916 1492 978 consecrandae

134 1023 282 1086 Fortunae
309 1021 427 1093 reduci,
458 1021 597 1084 seriarum
625 1019 887 1093 instituendarum,
914 1020 1042 1082 nominis
1070 1020 1274 1099 Augustalium
1303 1021 1330 1082 ei
1358 1021 1415 1082 diei
1437 1021 1491 1081 tri-

134 1127 253 1189 buendi.
276 1163 318 1174 -
344 1121 452 1207 Τύχην
474 1121 638 1208 σωτήριον
659 1143 719 1186 non
741 1144 806 1186 csse
820 1124 980 1186 Fortunam
997 1124 1123 1204 aliquam
1140 1126 1307 1199 salutarem,
1331 1126 1379 1186 scd
1397 1126 1490 1206 ipsam

134 1231 274 1292 reducem
296 1237 375 1290 reete
397 1228 545 1309 perspexit
566 1229 713 1290 Beckerus
734 1229 844 1290 enchir.
863 1229 890 1302 1,
907 1229 966 1288 ult
984 1248 1013 1289 n.
1033 1228 1123 1303 1372,
1147 1230 1221 1290 male
1244 1229 1359 1308 negavit
1381 1230 1492 1310 Zump-

134 1335 208 1395 tius.
256 1336 314 1396 Ara
344 1352 402 1412 quo
430 1332 493 1393 loco
524 1332 684 1394 constituta
711 1332 750 1395 sit
776 1332 834 1393 iarn
862 1351 899 1392 ex
927 1341 1120 1394 monumento
1150 1333 1303 1413 Ancyrano
1335 1332 1491 1406 discimus;

133 1439 288 1517 elegerunt
308 1445 407 1498 autem
437 1435 533 1497 locum
561 1445 716 1516 propterea
742 1436 821 1516 quod
843 1437 994 1515 Augustus
1017 1455 1033 1496 e
1056 1436 1212 1516 Campania
1235 1435 1313 1516 (vide
1336 1436 1417 1516 mox)
1440 1455 1493 1516 per

133 1541 258 1622 Appiam
283 1541 320 1602 ad
342 1539 446 1601 urbem
469 1538 590 1601 veniens
612 1539 762 1619 ingressus
788 1548 833 1601 cst
862 1548 946 1620 porta
975 1539 1098 1620 Capena.
1143 1539 1183 1600 De
1211 1539 1330 1602 aedibus
1361 1540 1491 1618 gemellis

134 1644 265 1706 Honoris
293 1653 323 1705 et
342 1642 467 1703 Virtutis
493 1643 529 1705 ad
556 1650 672 1723 portam
700 1643 845 1723 Capenam
873 1643 933 1722 egit
959 1643 1105 1705 Beckerus
1134 1643 1244 1705 enchir.
1263 1646 1292 1717 1,
1307 1644 1384 1718 510;
1406 1661 1490 1724 prae·

128 1747 243 1828 positio
265 1765 409 1827 quaenam
432 1746 523 1807 fuerit
543 1755 611 1807 ante
633 1748 724 1821 aedes,
747 1765 852 1826 parum
874 1754 998 1808 constat.
1043 1745 1110 1807 Dies
1132 1747 1275 1810 adventus
1297 1747 1354 1808 luit
1369 1747 1433 1808 Oct.
1453 1746 1491 1807 12

135 1852 301 1931 eodemque
323 1850 370 1913 die
392 1868 442 1910 ara
464 1849 624 1910 constituta
646 1859 700 1922 est,
723 1850 854 1912 absoluta
876 1860 907 1910 et
929 1847 1060 1911 dedicata
1082 1849 1277 1912 diellec.15.
1309 1850 1490 1912 Sacrificium

133 1955 368 2016 anniversarium
391 1952 548 2033 perficiunt
568 1953 721 2034 pontifices
744 1953 930 2033 virginesque
952 1953 1005 2027 vel,
1031 1961 1063 2014 ut
1084 1954 1191 2014 Graece
1207 1953 1322 2027 dicitur,
1346 1949 1378 2015 οἳ
1396 1949 1503 2035 ἱερεῖς*

131 2057 194 2119 καὶ
215 2055 252 2119 αἱ
274 2055 391 2140 ἱέρειαι
414 2059 464 2132 (cl.
481 2056 533 2118 Dio
556 2059 592 2118 lr.
609 2058 649 2118 87
672 2058 762 2118 Bell.
777 2065 807 2118 ct
830 2059 879 2129 51,
898 2058 952 2134 193
974 2057 1048 2137 App.
1065 2057 1094 2130 2,
1113 2057 1196 2137 106).
1456 2059 1459 2068 '

674 2368 847 2445 OAPVT
873 2369 956 2444 XII

201 2569 266 2610 aar.
282 2548 312 2622 2,
327 2567 352 2609 aa
382 2549 386 2631 Ι
411 2547 541 2626 [Senatus
563 2550 689 2610 eonardo
710 2551 804 2611 codun
826 2547 961 2627 temporle
977 2565 1043 2626 pars
1060 2549 1235 2627 [praetorum
1249 2557 1275 2607 et
1289 2547 1489 2624 trilbunorum

325 2669 352 2712 aa
381 2649 385 2728 Ι
409 2652 496 2731 [plebi
520 2671 585 2713 cam
612 2652 726 2713 τοοαιίο
754 2649 789 2722 Q.
809 2651 950 2730 laametlio
978 2661 1007 2711 et
1033 2649 1241 2730 princi[pr']lrus
1270 2651 1347 2726 [οἰνος
1370 2652 1490 2729 ollulam

327 2775 354 2817 oo
381 2755 454 2816 milti
472 2753 478 2836 Ι
499 2755 604 2833 mis[s]a
632 2757 684 2833 σία
709 2759 741 2816 ia
770 2753 985 2836 Campoalialm,
1014 2755 1071 2836 qm]
1101 2754 1195 2814 lronos
1224 2755 1272 2830 [ad
1296 2755 1347 2816 laoc
1375 2757 1492 2835 tempas]

326 2879 352 2920 ar
379 2859 490 2921 nemini
512 2855 635 2939 praelter
658 2861 723 2936 [mle
745 2862 797 2938 eslt
819 2861 965 2936 ιίοτνοίιιοί.

177 2975 226 3023 un.
242 2962 271 3036 6,
288 2980 313 3022 15
331 2982 355 3022 rc
383 2961 535 3044 Δόγματι
558 2955 757 3044 σ[ο]νκίη’τοο
779 2960 812 3024 οἳ
834 2963 893 3036 τὰς
915 2964 1071 3044 μεγίστας
1093 2956 1196 3042 ἀρχὰς
1222 2954 1397 3040 &palliando
1423 2961 1493 3041 olim

328 3085 353 3127 ra
380 3067 472 3148 μέρει
506 3066 695 3147 στρατηγῶν
727 3065 783 3126 καὶ
817 3062 992 3148 δημάρχων
1022 3063 1026 3146 Ι
1056 3062 1139 3146 μετὰ
1171 3060 1321 3142 dn[oi]roo
1354 3061 1492 3128 Κοίντου

329 3187 354 3230 rs
383 3169 594 3250 Λουκρητίου
628 3166 864 3252 ἐπέμφθηίσοίν
896 3191 954 3252 μοι
992 3163 1233 3250 ὑπαντήσαντες
1265 3169 1360 3249 μέχρι
1399 3171 1492 3250 Καμ-

328 3291 354 3334 te
382 3273 516 3344 νεανίας,
550 3267 620 3353 ἥτις
646 3268 652 3354 Ι
677 3271 771 3354 τειμη
805 3275 901 3354 μέχρι
935 3269 1052 3334 τούτου
1086 3265 1162 3333 οὐδὲ
1195 3267 1243 3332 ἑνὶ
1278 3271 1308 3331 εί
1338 3269 1382 3352 μη
1416 3269 1491 3354 ἐμοὶ

327 3393 355 3436 ro
381 3369 621 3457 dtpqrploldq.§

136 3505 200 3566 Lat.
216 3503 259 3565 34
280 3504 359 3583 quod
381 3503 517 3565 dederam
533 3505 656 3582 [renatus
671 3505 798 3568 consulto
813 3505 909 3567 eodem
925 3506 1056 3586 temporie
1074 3503 1250 3585 improbavit
1265 3503 1404 3583 Berglrius
1420 3504 1492 3566 suh-

137 3608 265 3670 stituens
292 3608 420 3688 [iteratque
440 3627 478 3669 ea
504 3619 619 3670 seaatm
641 3611 826 3686 nacterstede,
849 3610 940 3683 male,
968 3628 1035 3670 nam
1058 3619 1088 3671 et
1109 3611 1216 3670 Graeca
1238 3608 1440 3688 interpretatio
1462 3619 1492 3669 et

136 3711 321 3775 consuetudo
342 3711 469 3790 Augusti
497 3711 669 3773 vocabulum
698 3712 851 3793 proprium
878 3721 908 3773 ct
930 3712 1091 3790 legitimum
1115 3711 1246 3790 requirit,
1269 3730 1396 3790 cumque
1422 3730 1491 3774 eum

136 3824 275 3897 appareat
296 3815 372 3876 hanc
392 3814 566 3894 legationem
590 3815 667 3876 inter
688 3815 885 3877 dedicationes
907 3834 1023 3876 ararum
1047 3817 1171 3876 duarum
1191 3814 1257 3875 ideo
1271 3814 1490 3896 interposuisse,

136 3918 217 3999 quod
243 3937 310 3980 cum
334 3917 431 3999 priore
454 3937 485 3978 re
507 3926 537 3979 et
560 3927 691 3999 tempore
712 3919 867 3980 coniuncta
889 3917 959 3992 suit,
986 3919 1050 3980 cius
1078 3918 1291 3980 coniunctionis
1320 3918 1492 3998 significatio

135 4022 235 4101 aliqua
261 4021 430 4100 requiritur.
479 4021 512 4082 ln
539 4021 683 4101 principio
712 4023 872 4102 intercepta
900 4031 970 4083 sunt
999 4023 1144 4083 elementa
1174 4041 1199 4082 c.
1214 4041 1289 4082 xxiv.
1318 4057 1360 4066 -
1387 4022 1427 4082 35
1449 4023 1490 4083 in.

135 4145 208 4187 cum
234 4124 370 4186 deficiant
395 4124 508 4186 litterae
533 4144 558 4186 c.
574 4145 631 4199 xxr,
656 4126 734 4206 plebi
759 4125 876 4186 tolerari
905 4126 1026 4206 poterit;
1052 4133 1137 4185 antea
1163 4124 1299 4186 dederam
1325 4145 1386 4188 aaa
1417 4145 1489 4188 cam.

135 4264 181 4274 -
202 4229 236 4290 ln
259 4227 450 4308 sequentihus
472 4248 526 4308 ego
548 4248 759 4309 proposueram
785 4229 962 4309 primipilus
989 4232 1058 4291 utris
1087 4229 1198 4290 odviam
1225 4229 1296 4290 milri
1320 4233 1400 4290 massi
1424 4241 1492 4290 caat

134 4338 168 4395 a'n
204 4333 403 4414 Campanam,
437 4330 578 4410 Berglrius
608 4335 783 4413 prirtopidas
814 4337 846 4394 r‘a
880 4332 1038 4412 Campania
1070 4333 1141 4396 malci
1170 4336 1252 4394 missi
1280 4343 1347 4394 aaut
1379 4334 1492 4394 odviam

133 4436 310 4510 salutatum,
343 4454 417 4515 quae
450 4443 637 4497 accesserunt
668 4457 704 4498 en
737 4437 865 4518 pleniore
899 4435 1086 4515 reliquiarum
1120 4435 1258 4508 lectione,
1291 4435 1339 4496 illa
1372 4437 1491 4517 supple-

134 4549 240 4602 menta
271 4542 332 4601 fere
358 4540 579 4601 confirmarunt.
602 4577 643 4583 —
667 4541 746 4602 Idem
776 4540 917 4619 Bergltius
950 4541 1028 4619 quod
1058 4540 1167 4618 llagitat
1198 4550 1262 4601 uate
1290 4540 1342 4601 ltoo
1374 4551 1490 4620 tempus,

133 4643 267 4725 spatium
288 4642 411 4704 excedit
434 4677 476 4685 —
498 4642 538 4704 37
560 4651 629 4722 post
648 4659 710 4706 aes
731 4664 800 4706 cum
821 4663 881 4704 non
904 4643 1026 4704 delicere
1055 4642 1208 4704 videantur
1230 4643 1342 4704 litterae
1363 4644 1430 4724 plus
1452 4663 1490 4718 rx,

134 4748 291 4829 suppletae
314 4756 385 4809 sunt
407 4766 445 4808 n.
