<?xml version="1.0" encoding="UTF-8"?>
<!DOCTYPE html PUBLIC "-//W3C//DTD XHTML 1.0 Transitional//EN"
    "http://www.w3.org/TR/xhtml1/DTD/xhtml1-transitional.dtd">
<html xmlns="http://www.w3.org/1999/xhtml" xml:lang="en" lang="en">
 <head>
  <title>
</title>
<meta http-equiv="Content-Type" content="text/html;charset=utf-8" />
  <meta name='ocr-system' content='tesseract 3.04.00' />
  <meta name='ocr-capabilities' content='ocr_page ocr_carea ocr_par ocr_line ocrx_word'/>
</head>
<body>
  <div class='ocr_page' id='page_1' title='image "./resgestaediviau00mommgoog_0197.png"; bbox 0 0 3525 5417; ppageno 0'>
   <div class='ocr_carea' id='block_1_1' title="bbox 766 329 1516 405">
    <p class='ocr_par' dir='ltr' id='par_1_1' title="bbox 766 329 1516 405">
     <span class='ocr_line' id='line_1_1' title="bbox 766 329 1516 405; baseline -0.004 -11"><span class='ocrx_word' id='word_1_1' title='bbox 766 336 815 405; x_wconf 82' lang='lat' dir='ltr'>IV,</span> <span class='ocrx_word' id='word_1_2' title='bbox 833 337 869 392; x_wconf 79' lang='lat'>38</span> <span class='ocrx_word' id='word_1_3' title='bbox 888 338 922 394; x_wconf 82' lang='lat'>39</span> <span class='ocrx_word' id='word_1_4' title='bbox 1417 329 1420 338; x_wconf 83' lang='grc'>’</span> <span class='ocrx_word' id='word_1_5' title='bbox 1475 341 1516 405; x_wconf 85' lang='lat'>93</span> 
     </span>
    </p>
   </div>
   <div class='ocr_carea' id='block_1_2' title="bbox 162 515 1522 1841">
    <p class='ocr_par' dir='ltr' id='par_1_2' title="bbox 162 515 1522 1841">
     <span class='ocr_line' id='line_1_2' title="bbox 164 515 1517 601; baseline 0.003 -23"><span class='ocrx_word' id='word_1_6' title='bbox 164 515 319 596; x_wconf 78' lang='lat' dir='ltr'>collegium</span> <span class='ocrx_word' id='word_1_7' title='bbox 346 515 626 595; x_wconf 83' lang='lat' dir='ltr'>quindecimvirum,</span> <span class='ocrx_word' id='word_1_8' title='bbox 654 516 764 579; x_wconf 90' lang='lat' dir='ltr'>scilicet</span> <span class='ocrx_word' id='word_1_9' title='bbox 786 525 820 579; x_wconf 92' lang='lat' dir='ltr'>ut</span> <span class='ocrx_word' id='word_1_10' title='bbox 840 517 876 578; x_wconf 91' lang='lat' dir='ltr'>iis</span> <span class='ocrx_word' id='word_1_11' title='bbox 899 517 1097 601; x_wconf 79' lang='lat' dir='ltr'>praesiderent</span> <span class='ocrx_word' id='word_1_12' title='bbox 1129 518 1188 578; x_wconf 93' lang='lat' dir='ltr'>duo</span> <span class='ocrx_word' id='word_1_13' title='bbox 1216 517 1340 596; x_wconf 80' lang='lat' dir='ltr'>collegae</span> <span class='ocrx_word' id='word_1_14' title='bbox 1368 521 1517 600; x_wconf 89' lang='lat' dir='ltr'>Augustus</span> 
     </span>
     <span class='ocr_line' id='line_1_3' title="bbox 164 619 1518 704; baseline 0.004 -23"><span class='ocrx_word' id='word_1_15' title='bbox 164 629 197 682; x_wconf 91' lang='lat' dir='ltr'>et</span> <span class='ocrx_word' id='word_1_16' title='bbox 223 619 358 702; x_wconf 79' lang='lat' dir='ltr'><strong>Agrippa.</strong></span> <span class='ocrx_word' id='word_1_17' title='bbox 407 619 509 700; x_wconf 84' lang='lat' dir='ltr'>Neque</span> <span class='ocrx_word' id='word_1_18' title='bbox 537 621 649 695; x_wconf 89' lang='lat' dir='ltr'>obstat,</span> <span class='ocrx_word' id='word_1_19' title='bbox 678 620 757 700; x_wconf 89' lang='lat' dir='ltr'>quod</span> <span class='ocrx_word' id='word_1_20' title='bbox 781 622 932 701; x_wconf 88' lang='lat' dir='ltr'>Augustus</span> <span class='ocrx_word' id='word_1_21' title='bbox 955 622 1074 702; x_wconf 90' lang='lat' dir='ltr'>quidem</span> <span class='ocrx_word' id='word_1_22' title='bbox 1101 621 1180 684; x_wconf 91' lang='lat' dir='ltr'>inter</span> <span class='ocrx_word' id='word_1_23' title='bbox 1206 623 1336 704; x_wconf 90' lang='lat' dir='ltr'>quinque</span> <span class='ocrx_word' id='word_1_24' title='bbox 1363 625 1518 703; x_wconf 87' lang='lat' dir='ltr'>magistros</span> 
     </span>
     <span class='ocr_line' id='line_1_4' title="bbox 164 724 1518 806; baseline 0.002 -22"><span class='ocrx_word' id='word_1_25' title='bbox 164 724 224 786; x_wconf 83' lang='lat' dir='ltr'>luit</span> <span class='ocrx_word' id='word_1_26' title='bbox 243 725 415 806; x_wconf 88' lang='lat' dir='ltr'>primusque</span> <span class='ocrx_word' id='word_1_27' title='bbox 436 744 549 799; x_wconf 90' lang='lat' dir='ltr'>eorum,</span> <span class='ocrx_word' id='word_1_28' title='bbox 571 724 699 805; x_wconf 88' lang='lat' dir='ltr'>Agrippa</span> <span class='ocrx_word' id='word_1_29' title='bbox 713 733 812 786; x_wconf 90' lang='lat' dir='ltr'>autem</span> <span class='ocrx_word' id='word_1_30' title='bbox 828 725 918 786; x_wconf 84' lang='lat' dir='ltr'>xrvir</span> <span class='ocrx_word' id='word_1_31' title='bbox 933 725 1034 806; x_wconf 87' lang='lat' dir='ltr'>etipse</span> <span class='ocrx_word' id='word_1_32' title='bbox 1050 729 1140 798; x_wconf 88' lang='lat' dir='ltr'>(certe</span> <span class='ocrx_word' id='word_1_33' title='bbox 1154 745 1180 788; x_wconf 92' lang='lat' dir='ltr'>a.</span> <span class='ocrx_word' id='word_1_34' title='bbox 1198 726 1259 789; x_wconf 84' lang='lat'>738</span> <span class='ocrx_word' id='word_1_35' title='bbox 1273 736 1347 789; x_wconf 89' lang='lat' dir='ltr'>teste</span> <span class='ocrx_word' id='word_1_36' title='bbox 1361 727 1452 788; x_wconf 85' lang='lat' dir='ltr'>Dione</span> <span class='ocrx_word' id='word_1_37' title='bbox 1469 728 1518 802; x_wconf 80' lang='lat'>54,</span> 
     </span>
     <span class='ocr_line' id='line_1_5' title="bbox 167 827 1519 911; baseline 0.002 -23"><span class='ocrx_word' id='word_1_38' title='bbox 167 830 223 902; x_wconf 79' lang='lat'>193</span> <span class='ocrx_word' id='word_1_39' title='bbox 248 831 285 888; x_wconf 81' lang='lat' dir='ltr'>cf.</span> <span class='ocrx_word' id='word_1_40' title='bbox 308 828 413 890; x_wconf 88' lang='lat' dir='ltr'>titulus</span> <span class='ocrx_word' id='word_1_41' title='bbox 435 828 599 891; x_wconf 89' lang='lat' dir='ltr'>Gnathinus</span> <span class='ocrx_word' id='word_1_42' title='bbox 622 828 653 890; x_wconf 85' lang='grc'>6.</span> <span class='ocrx_word' id='word_1_43' title='bbox 669 827 717 902; x_wconf 80' lang='grc' dir='ltr'>ΙΧ,</span> <span class='ocrx_word' id='word_1_44' title='bbox 741 827 816 891; x_wconf 80' lang='lat'><strong>262:</strong></span> <span class='ocrx_word' id='word_1_45' title='bbox 841 827 898 907; x_wconf 73' lang='lat' dir='ltr'>[aa]</span> <span class='ocrx_word' id='word_1_46' title='bbox 915 828 1065 909; x_wconf 62' lang='lat' dir='ltr'>Appappce</span> <span class='ocrx_word' id='word_1_47' title='bbox 1086 827 1117 890; x_wconf 82' lang='lat' dir='ltr'>l.</span> <span class='ocrx_word' id='word_1_48' title='bbox 1132 829 1167 908; x_wconf 65' lang='lat' dir='ltr'>fi]</span> <span class='ocrx_word' id='word_1_49' title='bbox 1190 833 1267 911; x_wconf 71' lang='lat' dir='ltr'>imp„</span> <span class='ocrx_word' id='word_1_50' title='bbox 1291 833 1420 910; x_wconf 62' lang='lat' dir='ltr'>dromo]</span> <span class='ocrx_word' id='word_1_51' title='bbox 1445 850 1519 892; x_wconf 86' lang='lat' dir='ltr'>socr.</span> 
     </span>
     <span class='ocr_line' id='line_1_6' title="bbox 162 931 1519 1014; baseline 0.003 -22"><span class='ocrx_word' id='word_1_52' title='bbox 162 931 329 1012; x_wconf 72' lang='lat' dir='ltr'>[o[er&#39;uud.])</span> <span class='ocrx_word' id='word_1_53' title='bbox 355 951 451 1011; x_wconf 87' lang='lat' dir='ltr'>neque</span> <span class='ocrx_word' id='word_1_54' title='bbox 474 940 572 994; x_wconf 68' lang='lat' dir='ltr'>nmen</span> <span class='ocrx_word' id='word_1_55' title='bbox 593 931 743 1011; x_wconf 83' lang='lat' dir='ltr'>magister3</span> <span class='ocrx_word' id='word_1_56' title='bbox 766 951 835 994; x_wconf 90' lang='lat' dir='ltr'>uam</span> <span class='ocrx_word' id='word_1_57' title='bbox 857 931 1010 1010; x_wconf 80' lang='lat' dir='ltr'>collegium</span> <span class='ocrx_word' id='word_1_58' title='bbox 1034 939 1148 994; x_wconf 91' lang='lat' dir='ltr'>utnon</span> <span class='ocrx_word' id='word_1_59' title='bbox 1171 933 1309 996; x_wconf 90' lang='lat' dir='ltr'>omnibus</span> <span class='ocrx_word' id='word_1_60' title='bbox 1333 934 1519 1014; x_wconf 87' lang='lat' dir='ltr'>magistris¹)‚</span> 
     </span>
     <span class='ocr_line' id='line_1_7' title="bbox 163 1035 1522 1119; baseline 0.004 -25"><span class='ocrx_word' id='word_1_61' title='bbox 163 1035 206 1096; x_wconf 88' lang='lat' dir='ltr'>ita</span> <span class='ocrx_word' id='word_1_62' title='bbox 233 1035 322 1097; x_wconf 88' lang='lat' dir='ltr'>etiam</span> <span class='ocrx_word' id='word_1_63' title='bbox 348 1035 473 1114; x_wconf 80' lang='lat' dir='ltr'>collegae</span> <span class='ocrx_word' id='word_1_64' title='bbox 494 1053 555 1096; x_wconf 90' lang='lat' dir='ltr'>non</span> <span class='ocrx_word' id='word_1_65' title='bbox 578 1035 718 1115; x_wconf 89' lang='lat' dir='ltr'>magistro</span> <span class='ocrx_word' id='word_1_66' title='bbox 747 1036 905 1098; x_wconf 90' lang='lat' dir='ltr'>editionem</span> <span class='ocrx_word' id='word_1_67' title='bbox 928 1036 1066 1098; x_wconf 86' lang='lat' dir='ltr'>mandare</span> <span class='ocrx_word' id='word_1_68' title='bbox 1088 1043 1211 1114; x_wconf 88' lang='lat' dir='ltr'>poterat.</span> <span class='ocrx_word' id='word_1_69' title='bbox 1255 1037 1318 1099; x_wconf 89' lang='lat' dir='ltr'>lloc</span> <span class='ocrx_word' id='word_1_70' title='bbox 1338 1038 1402 1099; x_wconf 87' lang='lat' dir='ltr'>fieri</span> <span class='ocrx_word' id='word_1_71' title='bbox 1423 1046 1522 1119; x_wconf 90' lang='lat' dir='ltr'>potest</span> 
     </span>
     <span class='ocr_line' id='line_1_8' title="bbox 164 1139 1522 1222; baseline 0.003 -22"><span class='ocrx_word' id='word_1_72' title='bbox 164 1149 196 1200; x_wconf 87' lang='lat' dir='ltr'>et</span> <span class='ocrx_word' id='word_1_73' title='bbox 216 1139 261 1200; x_wconf 88' lang='lat' dir='ltr'>rei</span> <span class='ocrx_word' id='word_1_74' title='bbox 282 1158 343 1201; x_wconf 92' lang='lat' dir='ltr'>non</span> <span class='ocrx_word' id='word_1_75' title='bbox 366 1139 465 1201; x_wconf 87' lang='lat' dir='ltr'>minus</span> <span class='ocrx_word' id='word_1_76' title='bbox 486 1139 623 1202; x_wconf 88' lang='lat' dir='ltr'>convenit</span> <span class='ocrx_word' id='word_1_77' title='bbox 643 1159 731 1220; x_wconf 90' lang='lat' dir='ltr'>quam</span> <span class='ocrx_word' id='word_1_78' title='bbox 761 1139 856 1202; x_wconf 83' lang='lat' dir='ltr'>verbis</span> <span class='ocrx_word' id='word_1_79' title='bbox 886 1158 974 1222; x_wconf 87' lang='lat' dir='ltr'>supra</span> <span class='ocrx_word' id='word_1_80' title='bbox 1001 1139 1125 1202; x_wconf 91' lang='lat' dir='ltr'>laudatis</span> <span class='ocrx_word' id='word_1_81' title='bbox 1155 1149 1275 1202; x_wconf 88' lang='lat' dir='ltr'>senatus</span> <span class='ocrx_word' id='word_1_82' title='bbox 1302 1141 1437 1216; x_wconf 85' lang='lat' dir='ltr'>consulti,</span> <span class='ocrx_word' id='word_1_83' title='bbox 1460 1143 1522 1204; x_wconf 91' lang='lat' dir='ltr'>col·</span> 
     </span>
     <span class='ocr_line' id='line_1_9' title="bbox 163 1241 1521 1326; baseline 0.003 -23"><span class='ocrx_word' id='word_1_84' title='bbox 163 1241 276 1322; x_wconf 88' lang='lat' dir='ltr'>legium</span> <span class='ocrx_word' id='word_1_85' title='bbox 298 1242 461 1304; x_wconf 83' lang='lat' dir='ltr'>decrevisse</span> <span class='ocrx_word' id='word_1_86' title='bbox 483 1251 517 1304; x_wconf 93' lang='lat' dir='ltr'>ut</span> <span class='ocrx_word' id='word_1_87' title='bbox 538 1242 616 1305; x_wconf 87' lang='lat' dir='ltr'>ludis</span> <span class='ocrx_word' id='word_1_88' title='bbox 637 1244 839 1324; x_wconf 83' lang='lat' dir='ltr'>praesiderent</span> <span class='ocrx_word' id='word_1_89' title='bbox 860 1242 918 1304; x_wconf 95' lang='lat' dir='ltr'>duo</span> <span class='ocrx_word' id='word_1_90' title='bbox 941 1241 1066 1322; x_wconf 81' lang='lat' dir='ltr'>collegae</span> <span class='ocrx_word' id='word_1_91' title='bbox 1087 1242 1108 1304; x_wconf 92' lang='lat' dir='ltr'>ii</span> <span class='ocrx_word' id='word_1_92' title='bbox 1130 1245 1182 1324; x_wconf 93' lang='lat' dir='ltr'>qui</span> <span class='ocrx_word' id='word_1_93' title='bbox 1204 1245 1358 1307; x_wconf 89' lang='lat' dir='ltr'>tribunicia</span> <span class='ocrx_word' id='word_1_94' title='bbox 1377 1255 1521 1326; x_wconf 78' lang='lat' dir='ltr'>potestate</span> 
     </span>
     <span class='ocr_line' id='line_1_10' title="bbox 164 1345 1522 1428; baseline 0.003 -21"><span class='ocrx_word' id='word_1_95' title='bbox 164 1353 284 1420; x_wconf 84' lang='lat' dir='ltr'>essent3</span> <span class='ocrx_word' id='word_1_96' title='bbox 310 1363 377 1407; x_wconf 91' lang='lat' dir='ltr'>nam</span> <span class='ocrx_word' id='word_1_97' title='bbox 405 1345 512 1408; x_wconf 90' lang='lat' dir='ltr'>saeculi</span> <span class='ocrx_word' id='word_1_98' title='bbox 540 1346 710 1409; x_wconf 79' lang='lat' dir='ltr'>reformatio</span> <span class='ocrx_word' id='word_1_99' title='bbox 738 1355 799 1408; x_wconf 91' lang='lat' dir='ltr'>tam</span> <span class='ocrx_word' id='word_1_100' title='bbox 829 1365 897 1408; x_wconf 90' lang='lat' dir='ltr'>cum</span> <span class='ocrx_word' id='word_1_101' title='bbox 925 1345 1016 1408; x_wconf 87' lang='lat' dir='ltr'>sacris</span> <span class='ocrx_word' id='word_1_102' title='bbox 1038 1347 1236 1410; x_wconf 89' lang='lat' dir='ltr'>saecularibus</span> <span class='ocrx_word' id='word_1_103' title='bbox 1258 1367 1346 1428; x_wconf 91' lang='lat' dir='ltr'>quam</span> <span class='ocrx_word' id='word_1_104' title='bbox 1375 1369 1442 1411; x_wconf 90' lang='lat' dir='ltr'>eum</span> <span class='ocrx_word' id='word_1_105' title='bbox 1466 1350 1522 1411; x_wconf 88' lang='lat' dir='ltr'>tri-</span> 
     </span>
     <span class='ocr_line' id='line_1_11' title="bbox 163 1448 1522 1531; baseline 0.003 -21"><span class='ocrx_word' id='word_1_106' title='bbox 163 1449 284 1512; x_wconf 90' lang='lat' dir='ltr'>bunicia</span> <span class='ocrx_word' id='word_1_107' title='bbox 310 1456 453 1530; x_wconf 84' lang='lat' dir='ltr'>potestate</span> <span class='ocrx_word' id='word_1_108' title='bbox 483 1448 637 1511; x_wconf 88' lang='lat' dir='ltr'>coniuncta</span> <span class='ocrx_word' id='word_1_109' title='bbox 664 1448 720 1512; x_wconf 87' lang='lat' dir='ltr'>luit</span> <span class='ocrx_word' id='word_1_110' title='bbox 740 1451 896 1530; x_wconf 87' lang='lat' dir='ltr'>potuitque</span> <span class='ocrx_word' id='word_1_111' title='bbox 917 1449 1192 1531; x_wconf 87' lang='lat' dir='ltr'>potentissimorum</span> <span class='ocrx_word' id='word_1_112' title='bbox 1215 1451 1370 1514; x_wconf 91' lang='lat' dir='ltr'>hominum</span> <span class='ocrx_word' id='word_1_113' title='bbox 1393 1452 1522 1514; x_wconf 90' lang='lat' dir='ltr'>delectus</span> 
     </span>
     <span class='ocr_line' id='line_1_12' title="bbox 162 1552 1522 1636; baseline 0.002 -21"><span class='ocrx_word' id='word_1_114' title='bbox 162 1554 205 1616; x_wconf 87' lang='lat' dir='ltr'>ita</span> <span class='ocrx_word' id='word_1_115' title='bbox 227 1552 360 1634; x_wconf 88' lang='lat' dir='ltr'>speciose</span> <span class='ocrx_word' id='word_1_116' title='bbox 380 1552 478 1613; x_wconf 86' lang='lat' dir='ltr'>relari.</span> <span class='ocrx_word' id='word_1_117' title='bbox 515 1552 611 1625; x_wconf 83' lang='lat' dir='ltr'>Quam</span> <span class='ocrx_word' id='word_1_118' title='bbox 634 1553 671 1614; x_wconf 92' lang='lat' dir='ltr'>ob</span> <span class='ocrx_word' id='word_1_119' title='bbox 692 1571 756 1614; x_wconf 91' lang='lat' dir='ltr'>rem</span> <span class='ocrx_word' id='word_1_120' title='bbox 772 1560 803 1614; x_wconf 92' lang='lat' dir='ltr'>et</span> <span class='ocrx_word' id='word_1_121' title='bbox 816 1554 925 1616; x_wconf 92' lang='lat' dir='ltr'>retinui</span> <span class='ocrx_word' id='word_1_122' title='bbox 946 1554 1026 1634; x_wconf 92' lang='lat' dir='ltr'>quod</span> <span class='ocrx_word' id='word_1_123' title='bbox 1048 1554 1118 1615; x_wconf 92' lang='lat' dir='ltr'>olim</span> <span class='ocrx_word' id='word_1_124' title='bbox 1141 1554 1227 1634; x_wconf 90' lang='lat' dir='ltr'>posui</span> <span class='ocrx_word' id='word_1_125' title='bbox 1245 1565 1275 1617; x_wconf 90' lang='lat' dir='ltr'>et</span> <span class='ocrx_word' id='word_1_126' title='bbox 1289 1557 1369 1636; x_wconf 90' lang='lat' dir='ltr'>quod</span> <span class='ocrx_word' id='word_1_127' title='bbox 1383 1557 1522 1636; x_wconf 88' lang='lat' dir='ltr'>collegam</span> 
     </span>
     <span class='ocr_line' id='line_1_13' title="bbox 164 1654 1522 1738; baseline 0.002 -20"><span class='ocrx_word' id='word_1_128' title='bbox 164 1657 317 1736; x_wconf 89' lang='lat' dir='ltr'>Augustus</span> <span class='ocrx_word' id='word_1_129' title='bbox 344 1656 400 1718; x_wconf 91' lang='lat' dir='ltr'>boc</span> <span class='ocrx_word' id='word_1_130' title='bbox 430 1656 494 1717; x_wconf 92' lang='lat' dir='ltr'>loco</span> <span class='ocrx_word' id='word_1_131' title='bbox 521 1654 680 1738; x_wconf 80' lang='lat' dir='ltr'>Agrippam</span> <span class='ocrx_word' id='word_1_132' title='bbox 707 1656 845 1737; x_wconf 90' lang='lat' dir='ltr'>appellat,</span> <span class='ocrx_word' id='word_1_133' title='bbox 875 1657 912 1719; x_wconf 88' lang='lat' dir='ltr'>ad</span> <span class='ocrx_word' id='word_1_134' title='bbox 939 1676 1040 1720; x_wconf 88' lang='lat' dir='ltr'>euram</span> <span class='ocrx_word' id='word_1_135' title='bbox 1063 1661 1158 1719; x_wconf 88' lang='lat' dir='ltr'>relero</span> <span class='ocrx_word' id='word_1_136' title='bbox 1180 1659 1317 1721; x_wconf 90' lang='lat' dir='ltr'>ludorum</span> <span class='ocrx_word' id='word_1_137' title='bbox 1341 1660 1522 1723; x_wconf 88' lang='lat' dir='ltr'>edendorum</span> 
     </span>
     <span class='ocr_line' id='line_1_14' title="bbox 164 1758 663 1841; baseline -0.002 -20"><span class='ocrx_word' id='word_1_138' title='bbox 164 1761 225 1840; x_wconf 87' lang='lat' dir='ltr'>ipsi</span> <span class='ocrx_word' id='word_1_139' title='bbox 246 1769 277 1822; x_wconf 91' lang='lat' dir='ltr'>et</span> <span class='ocrx_word' id='word_1_140' title='bbox 296 1759 442 1841; x_wconf 78' lang='lat' dir='ltr'>Agrippae</span> <span class='ocrx_word' id='word_1_141' title='bbox 462 1758 663 1822; x_wconf 88' lang='lat' dir='ltr'>commissam.</span> 
     </span>
    </p>
   </div>
   <div class='ocr_carea' id='block_1_3' title="bbox 168 1965 1624 4438">
    <p class='ocr_par' dir='ltr' id='par_1_3' title="bbox 185 1965 1524 2566">
     <span class='ocr_line' id='line_1_15' title="bbox 232 1965 1523 2050; baseline 0.002 -22"><span class='ocrx_word' id='word_1_142' title='bbox 232 1987 297 2029; x_wconf 78' lang='lat' dir='ltr'>aar.</span> <span class='ocrx_word' id='word_1_143' title='bbox 312 1969 342 2044; x_wconf 88' lang='grc'>4,</span> <span class='ocrx_word' id='word_1_144' title='bbox 358 1987 385 2032; x_wconf 87' lang='lat' dir='ltr'>aa</span> <span class='ocrx_word' id='word_1_145' title='bbox 413 1969 418 2050; x_wconf 85' lang='grc' dir='ltr'>Ι</span> <span class='ocrx_word' id='word_1_146' title='bbox 443 1966 589 2045; x_wconf 76' lang='lat' dir='ltr'>[C]on[aol</span> <span class='ocrx_word' id='word_1_147' title='bbox 609 1967 681 2043; x_wconf 81' lang='lat' dir='ltr'>mn]</span> <span class='ocrx_word' id='word_1_148' title='bbox 710 1965 795 2027; x_wconf 91' lang='lat' dir='ltr'>ludos</span> <span class='ocrx_word' id='word_1_149' title='bbox 822 1966 987 2045; x_wconf 81' lang='lat' dir='ltr'>Mar[ta&#39;a]les</span> <span class='ocrx_word' id='word_1_150' title='bbox 1009 1970 1130 2048; x_wconf 71' lang='lat' dir='ltr'>prp&#39;maas</span> <span class='ocrx_word' id='word_1_151' title='bbox 1154 1969 1236 2049; x_wconf 70' lang='lat' dir='ltr'>secel,</span> <span class='ocrx_word' id='word_1_152' title='bbox 1265 1969 1355 2048; x_wconf 75' lang='lat' dir='ltr'>qulos]</span> <span class='ocrx_word' id='word_1_153' title='bbox 1384 1971 1457 2048; x_wconf 75' lang='lat' dir='ltr'>pleat</span> <span class='ocrx_word' id='word_1_154' title='bbox 1483 1969 1523 2044; x_wconf 73' lang='lat' dir='ltr'>ald</span> 
     </span>
     <span class='ocr_line' id='line_1_16' title="bbox 356 2066 1524 2152; baseline 0.002 -20"><span class='ocrx_word' id='word_1_155' title='bbox 356 2091 383 2132; x_wconf 85' lang='lat' dir='ltr'>as</span> <span class='ocrx_word' id='word_1_156' title='bbox 409 2080 528 2152; x_wconf 87' lang='lat' dir='ltr'>tempus</span> <span class='ocrx_word' id='word_1_157' title='bbox 556 2069 709 2150; x_wconf 77' lang='lat' dir='ltr'>deincepla]</span> <span class='ocrx_word' id='word_1_158' title='bbox 734 2066 738 2151; x_wconf 92' lang='grc' dir='ltr'>Ι</span> <span class='ocrx_word' id='word_1_159' title='bbox 764 2069 1004 2150; x_wconf 73' lang='grc' dir='ltr'>ἰοο[αςααο]ίί[6οο</span> <span class='ocrx_word' id='word_1_160' title='bbox 1030 2071 1124 2150; x_wconf 72' lang='lat' dir='ltr'>oculs</span> <span class='ocrx_word' id='word_1_161' title='bbox 1152 2115 1354 2132; x_wconf 84' lang='grc'><strong>.........</strong></span> <span class='ocrx_word' id='word_1_162' title='bbox 1385 2074 1524 2152; x_wconf 77' lang='lat' dir='ltr'>[fecerunt</span> 
     </span>
     <span class='ocr_line' id='line_1_17' title="bbox 412 2175 1456 2255; baseline -0.002 -2"><span class='ocrx_word' id='word_1_163' title='bbox 412 2176 582 2255; x_wconf 74' lang='lat' dir='ltr'>⁶⁰l¹¹l³²⁸ll⁰⁸·</span> <span class='ocrx_word' id='word_1_164' title='bbox 607 2175 644 2253; x_wconf 72' lang='lat' dir='ltr'>[Al</span> <span class='ocrx_word' id='word_1_165' title='bbox 1448 2227 1456 2242; x_wconf 84' lang='lat'><strong>·</strong></span> 
     </span>
     <span class='ocr_line' id='line_1_18' title="bbox 185 2271 1524 2362; baseline 0 -22"><span class='ocrx_word' id='word_1_166' title='bbox 185 2298 233 2340; x_wconf 86' lang='lat' dir='ltr'>cn.</span> <span class='ocrx_word' id='word_1_167' title='bbox 252 2278 300 2353; x_wconf 78' lang='lat'>12,</span> <span class='ocrx_word' id='word_1_168' title='bbox 316 2297 343 2340; x_wconf 81' lang='lat' dir='ltr'>ra</span> <span class='ocrx_word' id='word_1_169' title='bbox 360 2296 385 2339; x_wconf 81' lang='lat' dir='ltr'>rs</span> <span class='ocrx_word' id='word_1_170' title='bbox 406 2271 551 2350; x_wconf 80' lang='grc' dir='ltr'><strong><em>Ὕπατος</em></strong></span> <span class='ocrx_word' id='word_1_171' title='bbox 575 2273 855 2361; x_wconf 77' lang='grc' dir='ltr'><strong><em>τροσΙααιδέαατον</em></strong></span> <span class='ocrx_word' id='word_1_172' title='bbox 880 2277 974 2356; x_wconf 72' lang='grc' dir='ltr'><strong><em>[θέας</em></strong></span> <span class='ocrx_word' id='word_1_173' title='bbox 988 2273 1109 2358; x_wconf 81' lang='grc' dir='ltr'><strong><em>Ἄρεως</em></strong></span> <span class='ocrx_word' id='word_1_174' title='bbox 1139 2275 1279 2361; x_wconf 80' lang='grc' dir='ltr'><strong><em>πρ1ὥτος</em></strong></span> <span class='ocrx_word' id='word_1_175' title='bbox 1305 2274 1451 2362; x_wconf 74' lang='grc' dir='ltr'>ἔπόησα,</span> <span class='ocrx_word' id='word_1_176' title='bbox 1484 2273 1524 2352; x_wconf 79' lang='grc' dir='ltr'>ἃς</span> 
     </span>
     <span class='ocr_line' id='line_1_19' title="bbox 315 2374 1523 2464; baseline 0.001 -21"><span class='ocrx_word' id='word_1_177' title='bbox 315 2399 341 2443; x_wconf 84' lang='lat' dir='ltr'>u</span> <span class='ocrx_word' id='word_1_178' title='bbox 357 2400 384 2444; x_wconf 80' lang='grc' dir='ltr'><strong><em>α</em></strong></span> <span class='ocrx_word' id='word_1_179' title='bbox 410 2381 480 2464; x_wconf 75' lang='grc' dir='ltr'>μετ’</span> <span class='ocrx_word' id='word_1_180' title='bbox 495 2374 777 2463; x_wconf 74' lang='grc' dir='ltr'>ἐΙκεταο[νχ]ρόνον</span> <span class='ocrx_word' id='word_1_181' title='bbox 788 2375 861 2463; x_wconf 79' lang='grc' dir='ltr'>ἑξῆς</span> <span class='ocrx_word' id='word_1_182' title='bbox 873 2381 954 2457; x_wconf 74' lang='grc' dir='ltr'><strong><em>[τοῖς</em></strong></span> <span class='ocrx_word' id='word_1_183' title='bbox 964 2374 1150 2462; x_wconf 64' lang='lat' dir='ltr'>plecteremur</span> <span class='ocrx_word' id='word_1_184' title='bbox 1161 2379 1326 2456; x_wconf 69' lang='grc' dir='ltr'><strong><em>ἐνιαυτοῖς</em></strong></span> <span class='ocrx_word' id='word_1_185' title='bbox 1338 2380 1378 2464; x_wconf 77' lang='lat' dir='ltr'>ld</span> <span class='ocrx_word' id='word_1_186' title='bbox 1390 2428 1523 2444; x_wconf 92' lang='grc'><strong>.......</strong></span> 
     </span>
     <span class='ocr_line' id='line_1_20' title="bbox 361 2474 1163 2566; baseline -0.004 -18"><span class='ocrx_word' id='word_1_187' title='bbox 361 2506 386 2548; x_wconf 81' lang='lat' dir='ltr'>ss</span> <span class='ocrx_word' id='word_1_188' title='bbox 414 2530 670 2548; x_wconf 89' lang='grc'><strong>.............</strong></span> <span class='ocrx_word' id='word_1_189' title='bbox 693 2504 753 2566; x_wconf 79' lang='grc' dir='ltr'>μοι</span> <span class='ocrx_word' id='word_1_190' title='bbox 775 2474 925 2566; x_wconf 75' lang='grc' dir='ltr'><strong><em>ἓπόησαν</em></strong></span> <span class='ocrx_word' id='word_1_191' title='bbox 947 2478 980 2545; x_wconf 77' lang='lat' dir='ltr'>oi</span> <span class='ocrx_word' id='word_1_192' title='bbox 1002 2477 1163 2561; x_wconf 76' lang='lat' dir='ltr'>rinellcoal.</span> 
     </span>
    </p>

    <p class='ocr_par' dir='ltr' id='par_1_4' title="bbox 168 2586 1624 4322">
     <span class='ocr_line' id='line_1_21' title="bbox 168 2586 1523 2670; baseline -0.001 -18"><span class='ocrx_word' id='word_1_193' title='bbox 168 2591 291 2652; x_wconf 92' lang='lat' dir='ltr'>Annum</span> <span class='ocrx_word' id='word_1_194' title='bbox 317 2608 386 2652; x_wconf 90' lang='lat' dir='ltr'>eum</span> <span class='ocrx_word' id='word_1_195' title='bbox 413 2589 575 2651; x_wconf 89' lang='lat' dir='ltr'>indicarent</span> <span class='ocrx_word' id='word_1_196' title='bbox 601 2592 764 2668; x_wconf 82' lang='lat' dir='ltr'>fragmenta</span> <span class='ocrx_word' id='word_1_197' title='bbox 787 2588 895 2650; x_wconf 89' lang='lat' dir='ltr'>Graeca</span> <span class='ocrx_word' id='word_1_198' title='bbox 919 2587 989 2663; x_wconf 77' lang='lat'><strong>752,</strong></span> <span class='ocrx_word' id='word_1_199' title='bbox 1016 2586 1164 2668; x_wconf 91' lang='lat' dir='ltr'>pertinere</span> <span class='ocrx_word' id='word_1_200' title='bbox 1193 2596 1282 2670; x_wconf 89' lang='lat' dir='ltr'>caput</span> <span class='ocrx_word' id='word_1_201' title='bbox 1308 2590 1343 2651; x_wconf 91' lang='lat' dir='ltr'>ad</span> <span class='ocrx_word' id='word_1_202' title='bbox 1372 2590 1458 2652; x_wconf 89' lang='lat' dir='ltr'>ludos</span> <span class='ocrx_word' id='word_1_203' title='bbox 1485 2588 1523 2651; x_wconf 93' lang='lat' dir='ltr'>ob</span> 
     </span>
     <span class='ocr_line' id='line_1_22' title="bbox 168 2690 1523 2774; baseline -0.001 -18"><span class='ocrx_word' id='word_1_204' title='bbox 168 2694 273 2756; x_wconf 89' lang='lat' dir='ltr'>aedem</span> <span class='ocrx_word' id='word_1_205' title='bbox 295 2692 379 2756; x_wconf 88' lang='lat' dir='ltr'>llarti</span> <span class='ocrx_word' id='word_1_206' title='bbox 394 2692 488 2755; x_wconf 87' lang='lat' dir='ltr'>Ultori</span> <span class='ocrx_word' id='word_1_207' title='bbox 509 2712 544 2755; x_wconf 89' lang='lat' dir='ltr'>eo</span> <span class='ocrx_word' id='word_1_208' title='bbox 565 2711 642 2755; x_wconf 90' lang='lat' dir='ltr'>auno</span> <span class='ocrx_word' id='word_1_209' title='bbox 665 2693 825 2754; x_wconf 87' lang='lat' dir='ltr'>dedicatam</span> <span class='ocrx_word' id='word_1_210' title='bbox 847 2690 1001 2754; x_wconf 88' lang='lat' dir='ltr'>institutos</span> <span class='ocrx_word' id='word_1_211' title='bbox 1022 2691 1082 2754; x_wconf 81' lang='lat' dir='ltr'>dixi</span> <span class='ocrx_word' id='word_1_212' title='bbox 1103 2691 1134 2752; x_wconf 96' lang='lat' dir='ltr'>in</span> <span class='ocrx_word' id='word_1_213' title='bbox 1156 2691 1283 2754; x_wconf 89' lang='lat' dir='ltr'>editione</span> <span class='ocrx_word' id='word_1_214' title='bbox 1305 2693 1412 2774; x_wconf 89' lang='lat' dir='ltr'>priore,</span> <span class='ocrx_word' id='word_1_215' title='bbox 1435 2693 1523 2773; x_wconf 93' lang='lat' dir='ltr'>idque</span> 
     </span>
     <span class='ocr_line' id='line_1_23' title="bbox 169 2795 1524 2878; baseline -0.001 -18"><span class='ocrx_word' id='word_1_216' title='bbox 169 2797 310 2860; x_wconf 76' lang='lat' dir='ltr'>stabilivit</span> <span class='ocrx_word' id='word_1_217' title='bbox 335 2795 421 2859; x_wconf 90' lang='lat' dir='ltr'>lectio</span> <span class='ocrx_word' id='word_1_218' title='bbox 447 2797 569 2878; x_wconf 84' lang='lat' dir='ltr'>expleta.</span> <span class='ocrx_word' id='word_1_219' title='bbox 614 2796 671 2858; x_wconf 91' lang='lat' dir='ltr'>Sed</span> <span class='ocrx_word' id='word_1_220' title='bbox 693 2795 756 2878; x_wconf 90' lang='lat' dir='ltr'>ipsa</span> <span class='ocrx_word' id='word_1_221' title='bbox 777 2795 865 2857; x_wconf 87' lang='lat' dir='ltr'>rerba</span> <span class='ocrx_word' id='word_1_222' title='bbox 887 2815 924 2857; x_wconf 92' lang='lat' dir='ltr'>ne</span> <span class='ocrx_word' id='word_1_223' title='bbox 946 2814 1026 2858; x_wconf 90' lang='lat' dir='ltr'>nune</span> <span class='ocrx_word' id='word_1_224' title='bbox 1047 2795 1167 2875; x_wconf 90' lang='lat' dir='ltr'>quidem</span> <span class='ocrx_word' id='word_1_225' title='bbox 1190 2803 1251 2858; x_wconf 88' lang='lat' dir='ltr'>tota</span> <span class='ocrx_word' id='word_1_226' title='bbox 1273 2797 1524 2877; x_wconf 84' lang='lat' dir='ltr'>redintegrantur3</span> 
     </span>
     <span class='ocr_line' id='line_1_24' title="bbox 170 2897 1524 2983; baseline -0.001 -20"><span class='ocrx_word' id='word_1_227' title='bbox 170 2921 241 2964; x_wconf 86' lang='lat' dir='ltr'>nam</span> <span class='ocrx_word' id='word_1_228' title='bbox 268 2909 336 2982; x_wconf 91' lang='lat' dir='ltr'>post</span> <span class='ocrx_word' id='word_1_229' title='bbox 363 2901 571 2982; x_wconf 72' lang='lat' dir='ltr'>insequentidus</span> <span class='ocrx_word' id='word_1_230' title='bbox 596 2906 680 2963; x_wconf 76' lang='lat' dir='ltr'>canis</span> <span class='ocrx_word' id='word_1_231' title='bbox 708 2903 822 2976; x_wconf 84' lang='lat' dir='ltr'>(eorum</span> <span class='ocrx_word' id='word_1_232' title='bbox 849 2897 930 2961; x_wconf 92' lang='lat' dir='ltr'>euim</span> <span class='ocrx_word' id='word_1_233' title='bbox 956 2899 1114 2962; x_wconf 87' lang='lat' dir='ltr'>verborum</span> <span class='ocrx_word' id='word_1_234' title='bbox 1136 2899 1209 2983; x_wconf 86' lang='lat' dir='ltr'>lapis</span> <span class='ocrx_word' id='word_1_235' title='bbox 1231 2901 1286 2963; x_wconf 89' lang='lat' dir='ltr'>etsi</span> <span class='ocrx_word' id='word_1_236' title='bbox 1308 2900 1449 2962; x_wconf 89' lang='lat' dir='ltr'>hocloco</span> <span class='ocrx_word' id='word_1_237' title='bbox 1471 2899 1524 2962; x_wconf 91' lang='lat' dir='ltr'>ad-</span> 
     </span>
     <span class='ocr_line' id='line_1_25' title="bbox 171 3002 1524 3087; baseline -0.003 -19"><span class='ocrx_word' id='word_1_238' title='bbox 171 3006 294 3068; x_wconf 93' lang='lat' dir='ltr'>modum</span> <span class='ocrx_word' id='word_1_239' title='bbox 316 3024 422 3067; x_wconf 83' lang='lat' dir='ltr'>exesus</span> <span class='ocrx_word' id='word_1_240' title='bbox 443 3003 563 3084; x_wconf 87' lang='lat' dir='ltr'>vestigia</span> <span class='ocrx_word' id='word_1_241' title='bbox 584 3023 645 3066; x_wconf 92' lang='lat' dir='ltr'>uon</span> <span class='ocrx_word' id='word_1_242' title='bbox 667 3003 754 3066; x_wconf 91' lang='lat' dir='ltr'>dubia</span> <span class='ocrx_word' id='word_1_243' title='bbox 769 3008 876 3078; x_wconf 88' lang='lat' dir='ltr'>servat)</span> <span class='ocrx_word' id='word_1_244' title='bbox 893 3003 924 3064; x_wconf 98' lang='lat' dir='ltr'>in</span> <span class='ocrx_word' id='word_1_245' title='bbox 940 3002 1060 3074; x_wconf 79' lang='lat' dir='ltr'>Latinis,</span> <span class='ocrx_word' id='word_1_246' title='bbox 1083 3003 1114 3066; x_wconf 90' lang='lat' dir='ltr'>in</span> <span class='ocrx_word' id='word_1_247' title='bbox 1130 3004 1247 3066; x_wconf 87' lang='lat' dir='ltr'>Graecis</span> <span class='ocrx_word' id='word_1_248' title='bbox 1259 3013 1333 3078; x_wconf 69' lang='grc' dir='ltr'><strong><em>,τοῖς</em></strong></span> <span class='ocrx_word' id='word_1_249' title='bbox 1346 3005 1524 3087; x_wconf 67' lang='grc' dir='ltr'><strong><em>μετέπειτα</em></strong></span> 
     </span>
     <span class='ocr_line' id='line_1_26' title="bbox 169 3103 1523 3190; baseline -0.004 -17"><span class='ocrx_word' id='word_1_250' title='bbox 169 3104 334 3182; x_wconf 75' lang='grc' dir='ltr'><strong><em>ἐνιαυτοῖς</em></strong></span> <span class='ocrx_word' id='word_1_251' title='bbox 356 3108 444 3189; x_wconf 90' lang='lat' dir='ltr'>(quae</span> <span class='ocrx_word' id='word_1_252' title='bbox 464 3115 545 3169; x_wconf 89' lang='lat' dir='ltr'>recte</span> <span class='ocrx_word' id='word_1_253' title='bbox 565 3107 683 3188; x_wconf 82' lang='lat' dir='ltr'>agnovit</span> <span class='ocrx_word' id='word_1_254' title='bbox 704 3106 876 3187; x_wconf 88' lang='lat' dir='ltr'>Berglius)‚</span> <span class='ocrx_word' id='word_1_255' title='bbox 903 3115 971 3169; x_wconf 90' lang='lat' dir='ltr'>aute</span> <span class='ocrx_word' id='word_1_256' title='bbox 995 3107 1288 3188; x_wconf 61' lang='lat' dir='ltr'>[commensalem</span> <span class='ocrx_word' id='word_1_257' title='bbox 1319 3103 1468 3190; x_wconf 77' lang='grc' dir='ltr'><strong><em>ἓπόησαν</em></strong></span> <span class='ocrx_word' id='word_1_258' title='bbox 1490 3103 1523 3169; x_wconf 79' lang='grc' dir='ltr'>οἳ</span> 
     </span>
     <span class='ocr_line' id='line_1_27' title="bbox 170 3207 1624 3285; baseline -0.004 -9"><span class='ocrx_word' id='word_1_259' title='bbox 170 3207 295 3276; x_wconf 80' lang='grc' dir='ltr'><strong><em>ὕπατοι</em></strong></span> <span class='ocrx_word' id='word_1_260' title='bbox 316 3211 519 3274; x_wconf 88' lang='lat' dir='ltr'>desiderantur</span> <span class='ocrx_word' id='word_1_261' title='bbox 540 3211 571 3272; x_wconf 89' lang='lat' dir='ltr'>in</span> <span class='ocrx_word' id='word_1_262' title='bbox 593 3209 705 3272; x_wconf 83' lang='lat' dir='ltr'>Latinis</span> <span class='ocrx_word' id='word_1_263' title='bbox 725 3211 870 3272; x_wconf 85' lang='lat' dir='ltr'>clemente</span> <span class='ocrx_word' id='word_1_264' title='bbox 885 3229 936 3271; x_wconf 82' lang='lat' dir='ltr'>van</span> <span class='ocrx_word' id='word_1_265' title='bbox 951 3210 997 3272; x_wconf 86' lang='lat' dir='ltr'>vel</span> <span class='ocrx_word' id='word_1_266' title='bbox 1011 3229 1049 3285; x_wconf 86' lang='lat' dir='ltr'>rx,</span> <span class='ocrx_word' id='word_1_267' title='bbox 1072 3211 1102 3272; x_wconf 92' lang='lat' dir='ltr'>in</span> <span class='ocrx_word' id='word_1_268' title='bbox 1119 3210 1236 3273; x_wconf 87' lang='lat' dir='ltr'>Graecis</span> <span class='ocrx_word' id='word_1_269' title='bbox 1251 3211 1323 3272; x_wconf 90' lang='lat' dir='ltr'>haee</span> <span class='ocrx_word' id='word_1_270' title='bbox 1336 3209 1524 3272; x_wconf 90' lang='lat' dir='ltr'>intercedunt</span> <span class='ocrx_word' id='word_1_271' title='bbox 1621 3275 1624 3280; x_wconf 64' lang='grc'>,</span> 
     </span>
     <span class='ocr_line' id='line_1_28' title="bbox 170 3301 1621 3396; baseline -0.001 -19"><span class='ocrx_word' id='word_1_272' title='bbox 170 3338 190 3377; x_wconf 80' lang='lat' dir='ltr'>a</span> <span class='ocrx_word' id='word_1_273' title='bbox 208 3316 277 3396; x_wconf 83' lang='lat' dir='ltr'>(litt</span> <span class='ocrx_word' id='word_1_274' title='bbox 293 3322 343 3395; x_wconf 81' lang='lat' dir='ltr'>rx)</span> <span class='ocrx_word' id='word_1_275' title='bbox 365 3333 445 3391; x_wconf 85' lang='lat' dir='ltr'>mor,</span> <span class='ocrx_word' id='word_1_276' title='bbox 467 3333 541 3395; x_wconf 91' lang='lat' dir='ltr'>quae</span> <span class='ocrx_word' id='word_1_277' title='bbox 562 3314 625 3396; x_wconf 91' lang='lat' dir='ltr'>ipsa</span> <span class='ocrx_word' id='word_1_278' title='bbox 646 3322 725 3376; x_wconf 90' lang='lat' dir='ltr'>certa</span> <span class='ocrx_word' id='word_1_279' title='bbox 747 3313 829 3394; x_wconf 90' lang='lat' dir='ltr'>(uam</span> <span class='ocrx_word' id='word_1_280' title='bbox 850 3333 889 3376; x_wconf 91' lang='lat' dir='ltr'>ne</span> <span class='ocrx_word' id='word_1_281' title='bbox 911 3314 946 3377; x_wconf 94' lang='lat' dir='ltr'>de</span> <span class='ocrx_word' id='word_1_282' title='bbox 966 3335 992 3375; x_wconf 86' lang='lat' dir='ltr'>n</span> <span class='ocrx_word' id='word_1_283' title='bbox 1010 3315 1128 3396; x_wconf 92' lang='lat' dir='ltr'>quidem</span> <span class='ocrx_word' id='word_1_284' title='bbox 1144 3323 1224 3377; x_wconf 88' lang='lat' dir='ltr'>recte</span> <span class='ocrx_word' id='word_1_285' title='bbox 1238 3314 1428 3390; x_wconf 88' lang='lat' dir='ltr'>dubitabitur,</span> <span class='ocrx_word' id='word_1_286' title='bbox 1450 3332 1523 3376; x_wconf 92' lang='lat' dir='ltr'>num</span> <span class='ocrx_word' id='word_1_287' title='bbox 1618 3301 1621 3310; x_wconf 67' lang='grc'>’</span> 
     </span>
     <span class='ocr_line' id='line_1_29' title="bbox 170 3417 1523 3500; baseline -0.001 -18"><span class='ocrx_word' id='word_1_288' title='bbox 170 3420 198 3482; x_wconf 94' lang='lat' dir='ltr'>ei</span> <span class='ocrx_word' id='word_1_289' title='bbox 226 3420 367 3482; x_wconf 89' lang='lat' dir='ltr'>substitui</span> <span class='ocrx_word' id='word_1_290' title='bbox 395 3419 489 3500; x_wconf 87' lang='lat' dir='ltr'>possit</span> <span class='ocrx_word' id='word_1_291' title='bbox 511 3420 548 3497; x_wconf 83' lang='lat' dir='ltr'>n)</span> <span class='ocrx_word' id='word_1_292' title='bbox 574 3418 723 3497; x_wconf 91' lang='lat' dir='ltr'>quomodo</span> <span class='ocrx_word' id='word_1_293' title='bbox 745 3418 886 3498; x_wconf 82' lang='lat' dir='ltr'>explenda</span> <span class='ocrx_word' id='word_1_294' title='bbox 908 3418 983 3493; x_wconf 86' lang='lat' dir='ltr'>sint,</span> <span class='ocrx_word' id='word_1_295' title='bbox 1012 3436 1117 3499; x_wconf 89' lang='lat' dir='ltr'>parum</span> <span class='ocrx_word' id='word_1_296' title='bbox 1138 3417 1239 3498; x_wconf 90' lang='lat' dir='ltr'>liquet.</span> <span class='ocrx_word' id='word_1_297' title='bbox 1282 3418 1423 3498; x_wconf 84' lang='lat' dir='ltr'>Berglrius</span> <span class='ocrx_word' id='word_1_298' title='bbox 1445 3419 1523 3498; x_wconf 88' lang='lat' dir='ltr'>quod</span> 
     </span>
     <span class='ocr_line' id='line_1_30' title="bbox 170 3517 1524 3605; baseline -0.002 -19"><span class='ocrx_word' id='word_1_299' title='bbox 170 3521 349 3604; x_wconf 89' lang='lat' dir='ltr'>interposuit</span> <span class='ocrx_word' id='word_1_300' title='bbox 376 3541 414 3584; x_wconf 74' lang='lat' dir='ltr'>em</span> <span class='ocrx_word' id='word_1_301' title='bbox 438 3532 553 3586; x_wconf 69' lang='lat' dir='ltr'>scamus</span> <span class='ocrx_word' id='word_1_302' title='bbox 580 3521 690 3584; x_wconf 83' lang='lat' dir='ltr'>decreto</span> <span class='ocrx_word' id='word_1_303' title='bbox 718 3529 749 3583; x_wconf 92' lang='lat' dir='ltr'>et</span> <span class='ocrx_word' id='word_1_304' title='bbox 775 3517 918 3603; x_wconf 76' lang='grc' dir='ltr'><strong><em>δόγματι</em></strong></span> <span class='ocrx_word' id='word_1_305' title='bbox 942 3521 999 3605; x_wconf 80' lang='grc' dir='ltr'>τῆς</span> <span class='ocrx_word' id='word_1_306' title='bbox 1021 3517 1200 3605; x_wconf 80' lang='grc' dir='ltr'><strong><em>συνκλήοου</em></strong></span> <span class='ocrx_word' id='word_1_307' title='bbox 1223 3521 1323 3602; x_wconf 89' lang='lat' dir='ltr'>spatiis</span> <span class='ocrx_word' id='word_1_308' title='bbox 1345 3531 1375 3584; x_wconf 88' lang='lat' dir='ltr'>et</span> <span class='ocrx_word' id='word_1_309' title='bbox 1395 3521 1524 3601; x_wconf 83' lang='lat' dir='ltr'>vestigiis</span> 
     </span>
     <span class='ocr_line' id='line_1_31' title="bbox 168 3613 1505 3708; baseline -0.002 -20"><span class='ocrx_word' id='word_1_310' title='bbox 168 3645 275 3708; x_wconf 92' lang='lat' dir='ltr'>parum</span> <span class='ocrx_word' id='word_1_311' title='bbox 297 3633 399 3708; x_wconf 91' lang='lat' dir='ltr'>aptum</span> <span class='ocrx_word' id='word_1_312' title='bbox 421 3635 475 3688; x_wconf 84' lang='lat' dir='ltr'>est</span> <span class='ocrx_word' id='word_1_313' title='bbox 1504 3613 1505 3616; x_wconf 28' lang='lat'>¹</span> 
     </span>
     <span class='ocr_line' id='line_1_32' title="bbox 272 3726 1524 3791; baseline -0.002 -1"><span class='ocrx_word' id='word_1_314' title='bbox 272 3729 372 3791; x_wconf 91' lang='lat' dir='ltr'>Ludos</span> <span class='ocrx_word' id='word_1_315' title='bbox 392 3727 538 3790; x_wconf 88' lang='lat' dir='ltr'>llartiales</span> <span class='ocrx_word' id='word_1_316' title='bbox 560 3728 691 3790; x_wconf 83' lang='lat' dir='ltr'>diversos</span> <span class='ocrx_word' id='word_1_317' title='bbox 718 3747 782 3789; x_wconf 87' lang='lat' dir='ltr'>esse</span> <span class='ocrx_word' id='word_1_318' title='bbox 810 3747 828 3789; x_wconf 92' lang='lat' dir='ltr'>a</span> <span class='ocrx_word' id='word_1_319' title='bbox 855 3726 1036 3789; x_wconf 88' lang='lat' dir='ltr'>circensibus</span> <span class='ocrx_word' id='word_1_320' title='bbox 1063 3726 1158 3790; x_wconf 90' lang='lat' dir='ltr'>eidem</span> <span class='ocrx_word' id='word_1_321' title='bbox 1186 3726 1270 3790; x_wconf 88' lang='lat' dir='ltr'>llarti</span> <span class='ocrx_word' id='word_1_322' title='bbox 1298 3727 1450 3789; x_wconf 88' lang='lat' dir='ltr'>celebratis</span> <span class='ocrx_word' id='word_1_323' title='bbox 1478 3727 1524 3789; x_wconf 93' lang='lat' dir='ltr'>die</span> 
     </span>
     <span class='ocr_line' id='line_1_33' title="bbox 172 3829 1525 3911; baseline -0.001 -19"><span class='ocrx_word' id='word_1_324' title='bbox 172 3831 241 3893; x_wconf 86' lang='lat' dir='ltr'>llaii</span> <span class='ocrx_word' id='word_1_325' title='bbox 264 3831 303 3892; x_wconf 77' lang='lat'>12</span> <span class='ocrx_word' id='word_1_326' title='bbox 326 3839 356 3893; x_wconf 93' lang='lat' dir='ltr'>et</span> <span class='ocrx_word' id='word_1_327' title='bbox 378 3831 472 3894; x_wconf 90' lang='lat' dir='ltr'>editos</span> <span class='ocrx_word' id='word_1_328' title='bbox 494 3851 559 3894; x_wconf 88' lang='lat' dir='ltr'>esse</span> <span class='ocrx_word' id='word_1_329' title='bbox 580 3832 610 3892; x_wconf 84' lang='lat' dir='ltr'>lr.</span> <span class='ocrx_word' id='word_1_330' title='bbox 624 3833 698 3910; x_wconf 89' lang='lat' dir='ltr'>Aug.</span> <span class='ocrx_word' id='word_1_331' title='bbox 714 3830 830 3893; x_wconf 90' lang='lat' dir='ltr'>ostendi</span> <span class='ocrx_word' id='word_1_332' title='bbox 851 3831 881 3891; x_wconf 96' lang='lat' dir='ltr'>in</span> <span class='ocrx_word' id='word_1_333' title='bbox 899 3830 929 3891; x_wconf 84' lang='lat' dir='ltr'>G.</span> <span class='ocrx_word' id='word_1_334' title='bbox 945 3830 966 3890; x_wconf 89' lang='lat'>1.</span> <span class='ocrx_word' id='word_1_335' title='bbox 982 3829 1015 3890; x_wconf 88' lang='lat' dir='ltr'>L.</span> <span class='ocrx_word' id='word_1_336' title='bbox 1032 3830 1088 3892; x_wconf 82' lang='lat' dir='ltr'>rol.</span> <span class='ocrx_word' id='word_1_337' title='bbox 1106 3833 1120 3890; x_wconf 89' lang='lat'>1</span> <span class='ocrx_word' id='word_1_338' title='bbox 1138 3850 1167 3911; x_wconf 94' lang='lat' dir='ltr'>p.</span> <span class='ocrx_word' id='word_1_339' title='bbox 1184 3829 1255 3906; x_wconf 82' lang='lat'>393,</span> <span class='ocrx_word' id='word_1_340' title='bbox 1279 3830 1330 3892; x_wconf 94' lang='lat' dir='ltr'>ubi</span> <span class='ocrx_word' id='word_1_341' title='bbox 1351 3830 1430 3902; x_wconf 87' lang='lat' dir='ltr'>vide;</span> <span class='ocrx_word' id='word_1_342' title='bbox 1452 3829 1525 3892; x_wconf 90' lang='lat' dir='ltr'>adde</span> 
     </span>
     <span class='ocr_line' id='line_1_34' title="bbox 172 3933 1525 4015; baseline -0.002 -18"><span class='ocrx_word' id='word_1_343' title='bbox 172 3936 255 3998; x_wconf 85' lang='lat' dir='ltr'>Suet</span> <span class='ocrx_word' id='word_1_344' title='bbox 271 3933 407 3996; x_wconf 55' lang='lat' dir='ltr'>Claudat</span> <span class='ocrx_word' id='word_1_345' title='bbox 429 3954 465 3996; x_wconf 84' lang='lat' dir='ltr'>ex</span> <span class='ocrx_word' id='word_1_346' title='bbox 486 3934 610 4015; x_wconf 89' lang='lat' dir='ltr'>epistula</span> <span class='ocrx_word' id='word_1_347' title='bbox 631 3934 756 4014; x_wconf 91' lang='lat' dir='ltr'>Augusti</span> <span class='ocrx_word' id='word_1_348' title='bbox 783 3935 820 3995; x_wconf 93' lang='lat' dir='ltr'>de</span> <span class='ocrx_word' id='word_1_349' title='bbox 842 3933 962 3997; x_wconf 81' lang='lat' dir='ltr'>Claudio</span> <span class='ocrx_word' id='word_1_350' title='bbox 988 3953 1094 4015; x_wconf 90' lang='lat' dir='ltr'>puero:</span> <span class='ocrx_word' id='word_1_351' title='bbox 1124 3953 1226 3997; x_wconf 81' lang='lat' dir='ltr'>curare</span> <span class='ocrx_word' id='word_1_352' title='bbox 1252 3953 1317 3996; x_wconf 81' lang='lat' dir='ltr'>eum</span> <span class='ocrx_word' id='word_1_353' title='bbox 1344 3934 1419 3995; x_wconf 77' lang='lat' dir='ltr'>ludis</span> <span class='ocrx_word' id='word_1_354' title='bbox 1443 3933 1525 3996; x_wconf 86' lang='lat' dir='ltr'>Mar-</span> 
     </span>
     <span class='ocr_line' id='line_1_35' title="bbox 170 4035 1524 4118; baseline -0.004 -17"><span class='ocrx_word' id='word_1_355' title='bbox 170 4040 285 4101; x_wconf 78' lang='lat' dir='ltr'>ta&#39;olibua</span> <span class='ocrx_word' id='word_1_356' title='bbox 307 4038 461 4100; x_wconf 67' lang='lat' dir='ltr'>tristatarum</span> <span class='ocrx_word' id='word_1_357' title='bbox 479 4040 655 4101; x_wconf 78' lang='lat' dir='ltr'>secerdotum</span> <span class='ocrx_word' id='word_1_358' title='bbox 674 4057 734 4100; x_wconf 81' lang='lat' dir='ltr'>aon</span> <span class='ocrx_word' id='word_1_359' title='bbox 754 4037 879 4118; x_wconf 79' lang='lat' dir='ltr'>displicet</span> <span class='ocrx_word' id='word_1_360' title='bbox 897 4037 986 4099; x_wconf 79' lang='lat' dir='ltr'>nobis.</span> <span class='ocrx_word' id='word_1_361' title='bbox 1026 4038 1149 4098; x_wconf 91' lang='lat' dir='ltr'>Anuuos</span> <span class='ocrx_word' id='word_1_362' title='bbox 1168 4036 1259 4098; x_wconf 85' lang='lat' dir='ltr'>luisse</span> <span class='ocrx_word' id='word_1_363' title='bbox 1278 4036 1447 4097; x_wconf 91' lang='lat' dir='ltr'>innotuerat</span> <span class='ocrx_word' id='word_1_364' title='bbox 1466 4035 1524 4097; x_wconf 89' lang='lat' dir='ltr'>iam</span> 
     </span>
     <span class='ocr_line' id='line_1_36' title="bbox 171 4139 1524 4222; baseline -0.002 -19"><span class='ocrx_word' id='word_1_365' title='bbox 171 4161 208 4203; x_wconf 81' lang='lat' dir='ltr'>ex</span> <span class='ocrx_word' id='word_1_366' title='bbox 234 4141 325 4203; x_wconf 84' lang='lat' dir='ltr'>Ilione</span> <span class='ocrx_word' id='word_1_367' title='bbox 354 4141 409 4214; x_wconf 89' lang='grc'>60,</span> <span class='ocrx_word' id='word_1_368' title='bbox 438 4143 474 4217; x_wconf 75' lang='lat'>53</span> <span class='ocrx_word' id='word_1_369' title='bbox 502 4141 595 4203; x_wconf 90' lang='lat' dir='ltr'>editos</span> <span class='ocrx_word' id='word_1_370' title='bbox 621 4158 686 4201; x_wconf 89' lang='lat' dir='ltr'>esse</span> <span class='ocrx_word' id='word_1_371' title='bbox 713 4159 730 4200; x_wconf 91' lang='lat' dir='ltr'>a</span> <span class='ocrx_word' id='word_1_372' title='bbox 756 4139 927 4202; x_wconf 90' lang='lat' dir='ltr'>consulibus</span> <span class='ocrx_word' id='word_1_373' title='bbox 956 4149 1106 4222; x_wconf 89' lang='lat' dir='ltr'>praeterea</span> <span class='ocrx_word' id='word_1_374' title='bbox 1132 4139 1185 4201; x_wconf 80' lang='lat' dir='ltr'>uio</span> <span class='ocrx_word' id='word_1_375' title='bbox 1216 4140 1359 4219; x_wconf 88' lang='lat' dir='ltr'>signifieat</span> <span class='ocrx_word' id='word_1_376' title='bbox 1387 4139 1450 4218; x_wconf 76' lang='grc'>(66,</span> <span class='ocrx_word' id='word_1_377' title='bbox 1472 4140 1524 4215; x_wconf 85' lang='grc'>46)</span> 
     </span>
     <span class='ocr_line' id='line_1_37' title="bbox 170 4235 1527 4322; baseline -0.001 -17"><span class='ocrx_word' id='word_1_378' title='bbox 170 4247 303 4306; x_wconf 78' lang='lat' dir='ltr'>referens</span> <span class='ocrx_word' id='word_1_379' title='bbox 325 4245 476 4306; x_wconf 89' lang='lat' dir='ltr'>decretum</span> <span class='ocrx_word' id='word_1_380' title='bbox 498 4263 564 4306; x_wconf 89' lang='lat' dir='ltr'>esse</span> <span class='ocrx_word' id='word_1_381' title='bbox 584 4245 718 4322; x_wconf 89' lang='lat' dir='ltr'>Augusto</span> <span class='ocrx_word' id='word_1_382' title='bbox 744 4243 891 4318; x_wconf 79' lang='lat' dir='ltr'>defuneto,</span> <span class='ocrx_word' id='word_1_383' title='bbox 925 4237 1017 4317; x_wconf 83' lang='grc' dir='ltr'><strong><em>ὅπως</em></strong></span> <span class='ocrx_word' id='word_1_384' title='bbox 1049 4241 1092 4305; x_wconf 82' lang='grc' dir='ltr'>τὰ</span> <span class='ocrx_word' id='word_1_385' title='bbox 1120 4243 1252 4322; x_wconf 74' lang='grc' dir='ltr'><strong><em>γενέσια</em></strong></span> <span class='ocrx_word' id='word_1_386' title='bbox 1280 4239 1313 4306; x_wconf 77' lang='grc' dir='ltr'>οἳ</span> <span class='ocrx_word' id='word_1_387' title='bbox 1335 4237 1459 4306; x_wconf 76' lang='grc' dir='ltr'><strong><em>ὕπατοι</em></strong></span> <span class='ocrx_word' id='word_1_388' title='bbox 1492 4235 1527 4314; x_wconf 79' lang='grc' dir='ltr'>ἐξ</span> 
     </span>
    </p>

    <p class='ocr_par' dir='ltr' id='par_1_5' title="bbox 169 4335 871 4438">
     <span class='ocr_line' id='line_1_38' title="bbox 169 4335 871 4438; baseline -0.006 -26"><span class='ocrx_word' id='word_1_389' title='bbox 169 4351 248 4412; x_wconf 80' lang='grc' dir='ltr'><strong><em>ἴσον</em></strong></span> <span class='ocrx_word' id='word_1_390' title='bbox 269 4358 340 4422; x_wconf 75' lang='grc' dir='ltr'><strong><em>τοῖς</em></strong></span> <span class='ocrx_word' id='word_1_391' title='bbox 357 4343 498 4431; x_wconf 76' lang='grc' dir='ltr'><strong><em>Ἀρείοις</em></strong></span> <span class='ocrx_word' id='word_1_392' title='bbox 517 4335 787 4426; x_wconf 71' lang='grc' dir='ltr'><strong><em>ἆγονοθετῶσιν.</em></strong></span> <span class='ocrx_word' id='word_1_393' title='bbox 867 4432 871 4438; x_wconf 89' lang='lat'>.</span> 
     </span>
    </p>
   </div>
   <div class='ocr_carea' id='block_1_4' title="bbox 168 4516 1528 4849">
    <p class='ocr_par' dir='ltr' id='par_1_6' title="bbox 168 4516 1528 4849">
     <span class='ocr_line' id='line_1_39' title="bbox 272 4516 1528 4589; baseline -0.004 -16"><span class='ocrx_word' id='word_1_394' title='bbox 272 4525 293 4589; x_wconf 90' lang='lat'>¹)</span> <span class='ocrx_word' id='word_1_395' title='bbox 312 4523 384 4589; x_wconf 81' lang='lat' dir='ltr'>Quod</span> <span class='ocrx_word' id='word_1_396' title='bbox 401 4523 501 4574; x_wconf 86' lang='lat' dir='ltr'>ostendi</span> <span class='ocrx_word' id='word_1_397' title='bbox 519 4523 546 4574; x_wconf 83' lang='lat' dir='ltr'>ia</span> <span class='ocrx_word' id='word_1_398' title='bbox 565 4521 678 4573; x_wconf 84' lang='lat' dir='ltr'>editione</span> <span class='ocrx_word' id='word_1_399' title='bbox 696 4521 783 4586; x_wconf 87' lang='lat' dir='ltr'>priore</span> <span class='ocrx_word' id='word_1_400' title='bbox 802 4519 911 4584; x_wconf 84' lang='lat' dir='ltr'>collegio</span> <span class='ocrx_word' id='word_1_401' title='bbox 931 4520 955 4571; x_wconf 89' lang='lat' dir='ltr'>ei</span> <span class='ocrx_word' id='word_1_402' title='bbox 973 4536 1021 4571; x_wconf 84' lang='lat' dir='ltr'>nou</span> <span class='ocrx_word' id='word_1_403' title='bbox 1039 4520 1177 4583; x_wconf 87' lang='lat' dir='ltr'>magistros</span> <span class='ocrx_word' id='word_1_404' title='bbox 1189 4518 1303 4584; x_wconf 85' lang='lat' dir='ltr'>singulos</span> <span class='ocrx_word' id='word_1_405' title='bbox 1316 4516 1466 4586; x_wconf 81' lang='lat' dir='ltr'>praefuisse,</span> <span class='ocrx_word' id='word_1_406' title='bbox 1483 4519 1528 4570; x_wconf 86' lang='lat' dir='ltr'>sed</span> 
     </span>
     <span class='ocr_line' id='line_1_40' title="bbox 169 4604 1525 4681; baseline -0.004 -19"><span class='ocrx_word' id='word_1_407' title='bbox 169 4611 290 4681; x_wconf 75' lang='lat' dir='ltr'>quamdiu</span> <span class='ocrx_word' id='word_1_408' title='bbox 315 4610 394 4662; x_wconf 88' lang='lat' dir='ltr'>xviri</span> <span class='ocrx_word' id='word_1_409' title='bbox 422 4617 511 4674; x_wconf 80' lang='lat' dir='ltr'>eraut,</span> <span class='ocrx_word' id='word_1_410' title='bbox 538 4609 626 4674; x_wconf 86' lang='lat' dir='ltr'>binos,</span> <span class='ocrx_word' id='word_1_411' title='bbox 650 4607 758 4670; x_wconf 65' lang='lat' dir='ltr'>assiria</span> <span class='ocrx_word' id='word_1_412' title='bbox 781 4604 858 4658; x_wconf 84' lang='lat' dir='ltr'>laetis</span> <span class='ocrx_word' id='word_1_413' title='bbox 881 4606 988 4673; x_wconf 85' lang='lat' dir='ltr'>quinos,</span> <span class='ocrx_word' id='word_1_414' title='bbox 1011 4615 1100 4658; x_wconf 84' lang='lat' dir='ltr'>contra</span> <span class='ocrx_word' id='word_1_415' title='bbox 1124 4606 1268 4674; x_wconf 85' lang='lat' dir='ltr'>opinionem</span> <span class='ocrx_word' id='word_1_416' title='bbox 1291 4622 1321 4657; x_wconf 89' lang='lat' dir='ltr'>eo</span> <span class='ocrx_word' id='word_1_417' title='bbox 1348 4612 1461 4672; x_wconf 87' lang='lat' dir='ltr'>tempore</span> <span class='ocrx_word' id='word_1_418' title='bbox 1488 4607 1525 4657; x_wconf 84' lang='lat' dir='ltr'>ita</span> 
     </span>
     <span class='ocr_line' id='line_1_41' title="bbox 169 4692 1526 4765; baseline -0.006 -15"><span class='ocrx_word' id='word_1_419' title='bbox 169 4705 315 4765; x_wconf 81' lang='lat' dir='ltr'>receptam,</span> <span class='ocrx_word' id='word_1_420' title='bbox 337 4705 366 4748; x_wconf 83' lang='lat' dir='ltr'>ut</span> <span class='ocrx_word' id='word_1_421' title='bbox 388 4697 413 4748; x_wconf 81' lang='lat' dir='ltr'>ci</span> <span class='ocrx_word' id='word_1_422' title='bbox 436 4696 566 4748; x_wconf 71' lang='lat' dir='ltr'>momoria</span> <span class='ocrx_word' id='word_1_423' title='bbox 587 4697 663 4747; x_wconf 81' lang='lat' dir='ltr'>verba</span> <span class='ocrx_word' id='word_1_424' title='bbox 681 4693 766 4746; x_wconf 83' lang='lat' dir='ltr'>Taciti</span> <span class='ocrx_word' id='word_1_425' title='bbox 789 4711 847 4747; x_wconf 83' lang='lat' dir='ltr'>aua.</span> <span class='ocrx_word' id='word_1_426' title='bbox 861 4693 891 4762; x_wconf 87' lang='lat'>6,</span> <span class='ocrx_word' id='word_1_427' title='bbox 911 4695 942 4744; x_wconf 81' lang='lat'>12</span> <span class='ocrx_word' id='word_1_428' title='bbox 960 4701 1096 4763; x_wconf 88' lang='lat' dir='ltr'>propterea</span> <span class='ocrx_word' id='word_1_429' title='bbox 1113 4701 1210 4745; x_wconf 80' lang='lat' dir='ltr'>mutare</span> <span class='ocrx_word' id='word_1_430' title='bbox 1227 4693 1281 4744; x_wconf 89' lang='lat' dir='ltr'>viri</span> <span class='ocrx_word' id='word_1_431' title='bbox 1299 4692 1368 4744; x_wconf 84' lang='lat' dir='ltr'>docti</span> <span class='ocrx_word' id='word_1_432' title='bbox 1385 4709 1434 4743; x_wconf 88' lang='lat' dir='ltr'>nou</span> <span class='ocrx_word' id='word_1_433' title='bbox 1453 4692 1526 4743; x_wconf 85' lang='lat' dir='ltr'>dubi-</span> 
     </span>
     <span class='ocr_line' id='line_1_42' title="bbox 168 4779 1525 4849; baseline -0.005 -12"><span class='ocrx_word' id='word_1_434' title='bbox 168 4791 270 4848; x_wconf 74' lang='lat' dir='ltr'>tarent,</span> <span class='ocrx_word' id='word_1_435' title='bbox 286 4784 336 4834; x_wconf 78' lang='lat' dir='ltr'>iam</span> <span class='ocrx_word' id='word_1_436' title='bbox 354 4784 433 4835; x_wconf 83' lang='lat' dir='ltr'>verbo</span> <span class='ocrx_word' id='word_1_437' title='bbox 450 4797 592 4835; x_wconf 81' lang='lat' dir='ltr'>memorare</span> <span class='ocrx_word' id='word_1_438' title='bbox 610 4781 718 4846; x_wconf 79' lang='lat' dir='ltr'>sullicit3</span> <span class='ocrx_word' id='word_1_439' title='bbox 736 4782 840 4835; x_wconf 80' lang='lat' dir='ltr'>iuterim</span> <span class='ocrx_word' id='word_1_440' title='bbox 857 4782 924 4833; x_wconf 83' lang='lat' dir='ltr'>enim</span> <span class='ocrx_word' id='word_1_441' title='bbox 942 4781 989 4834; x_wconf 85' lang='lat' dir='ltr'>illa</span> <span class='ocrx_word' id='word_1_442' title='bbox 1008 4781 1118 4849; x_wconf 84' lang='lat' dir='ltr'>opinatio</span> <span class='ocrx_word' id='word_1_443' title='bbox 1136 4781 1163 4832; x_wconf 88' lang='lat' dir='ltr'>in</span> <span class='ocrx_word' id='word_1_444' title='bbox 1180 4781 1274 4832; x_wconf 83' lang='lat' dir='ltr'>iustam</span> <span class='ocrx_word' id='word_1_445' title='bbox 1287 4779 1441 4834; x_wconf 84' lang='lat' dir='ltr'>oblivionem</span> <span class='ocrx_word' id='word_1_446' title='bbox 1453 4779 1525 4831; x_wconf 87' lang='lat' dir='ltr'>abiit.</span> 
     </span>
    </p>
   </div>
   <div class='ocr_carea' id='block_1_5' title="bbox 0 0 1770 5417">
    <p class='ocr_par' dir='ltr' id='par_1_7' title="bbox 0 0 1770 5417">
     <span class='ocr_line' id='line_1_43' title="bbox 0 0 1770 5417; baseline 0 0"><span class='ocrx_word' id='word_1_447' title='bbox 0 0 1770 5417; x_wconf 95' lang='lat' dir='ltr'> </span> 
     </span>
    </p>
   </div>
  </div>
 </body>
</html>
