<?xml version="1.0" encoding="UTF-8"?>
<!DOCTYPE html PUBLIC "-//W3C//DTD XHTML 1.0 Transitional//EN"
    "http://www.w3.org/TR/xhtml1/DTD/xhtml1-transitional.dtd">
<html xmlns="http://www.w3.org/1999/xhtml" xml:lang="en" lang="en">
 <head>
  <title>
</title>
<meta http-equiv="Content-Type" content="text/html;charset=utf-8" />
  <meta name='ocr-system' content='tesseract 3.04.00' />
  <meta name='ocr-capabilities' content='ocr_page ocr_carea ocr_par ocr_line ocrx_word'/>
</head>
<body>
  <div class='ocr_page' id='page_1' title='image "./resgestaediviau00mommgoog_0240.png"; bbox 0 0 3525 5417; ppageno 0'>
   <div class='ocr_carea' id='block_1_1' title="bbox 251 308 992 378">
    <p class='ocr_par' dir='ltr' id='par_1_1' title="bbox 251 308 992 378">
     <span class='ocr_line' id='line_1_1' title="bbox 251 308 992 378; baseline -0.001 -13"><span class='ocrx_word' id='word_1_1' title='bbox 251 314 315 378; x_wconf 87' lang='grc'>136</span> <span class='ocrx_word' id='word_1_2' title='bbox 854 308 903 376; x_wconf 86' lang='lat' dir='ltr'>VI,</span> <span class='ocrx_word' id='word_1_3' title='bbox 924 311 992 364; x_wconf 80' lang='lat'>1-3</span> 
     </span>
    </p>
   </div>
   <div class='ocr_carea' id='block_1_2' title="bbox 249 489 1612 3058">
    <p class='ocr_par' dir='ltr' id='par_1_2' title="bbox 249 489 1612 3058">
     <span class='ocr_line' id='line_1_2' title="bbox 250 489 1600 573; baseline 0.001 -19"><span class='ocrx_word' id='word_1_4' title='bbox 250 499 410 573; x_wconf 75' lang='lat' dir='ltr'>usurpetur</span> <span class='ocrx_word' id='word_1_5' title='bbox 438 500 468 553; x_wconf 92' lang='lat' dir='ltr'>et</span> <span class='ocrx_word' id='word_1_6' title='bbox 496 490 597 553; x_wconf 82' lang='lat' dir='ltr'>turbae</span> <span class='ocrx_word' id='word_1_7' title='bbox 625 489 756 551; x_wconf 90' lang='lat' dir='ltr'>internae</span> <span class='ocrx_word' id='word_1_8' title='bbox 782 490 858 570; x_wconf 93' lang='lat' dir='ltr'>apud</span> <span class='ocrx_word' id='word_1_9' title='bbox 881 491 960 571; x_wconf 91' lang='lat' dir='ltr'>ipsos</span> <span class='ocrx_word' id='word_1_10' title='bbox 983 491 1081 553; x_wconf 90' lang='lat' dir='ltr'>ltlcdas</span> <span class='ocrx_word' id='word_1_11' title='bbox 1104 492 1284 554; x_wconf 90' lang='lat' dir='ltr'>urbanarum</span> <span class='ocrx_word' id='word_1_12' title='bbox 1307 493 1462 555; x_wconf 91' lang='lat' dir='ltr'>hominum</span> <span class='ocrx_word' id='word_1_13' title='bbox 1486 513 1600 556; x_wconf 90' lang='lat' dir='ltr'>sermo-</span> 
     </span>
     <span class='ocr_line' id='line_1_3' title="bbox 249 594 1600 675; baseline 0.001 -17"><span class='ocrx_word' id='word_1_14' title='bbox 249 595 425 658; x_wconf 79' lang='lat' dir='ltr'>cinationem</span> <span class='ocrx_word' id='word_1_15' title='bbox 457 594 505 655; x_wconf 82' lang='lat' dir='ltr'>vix</span> <span class='ocrx_word' id='word_1_16' title='bbox 531 613 706 675; x_wconf 77' lang='lat' dir='ltr'>magnopere</span> <span class='ocrx_word' id='word_1_17' title='bbox 734 611 851 654; x_wconf 91' lang='lat' dir='ltr'>movere</span> <span class='ocrx_word' id='word_1_18' title='bbox 879 595 1039 675; x_wconf 89' lang='lat' dir='ltr'>potuerint.</span> <span class='ocrx_word' id='word_1_19' title='bbox 1061 631 1101 640; x_wconf 92' lang='lat'>-</span> <span class='ocrx_word' id='word_1_20' title='bbox 1125 596 1198 656; x_wconf 86' lang='lat' dir='ltr'>Vere</span> <span class='ocrx_word' id='word_1_21' title='bbox 1224 616 1292 658; x_wconf 87' lang='lat' dir='ltr'>mox</span> <span class='ocrx_word' id='word_1_22' title='bbox 1314 596 1472 659; x_wconf 78' lang='lat' dir='ltr'>Tiridatem</span> <span class='ocrx_word' id='word_1_23' title='bbox 1496 617 1600 659; x_wconf 88' lang='lat' dir='ltr'>rursus</span> 
     </span>
     <span class='ocr_line' id='line_1_4' title="bbox 250 697 1600 782; baseline 0.004 -22"><span class='ocrx_word' id='word_1_24' title='bbox 250 699 361 781; x_wconf 83' lang='lat' dir='ltr'>expulit</span> <span class='ocrx_word' id='word_1_25' title='bbox 375 699 524 760; x_wconf 80' lang='lat' dir='ltr'>Phraates.</span> <span class='ocrx_word' id='word_1_26' title='bbox 562 698 725 770; x_wconf 76' lang='lat' dir='ltr'>Plarahatea</span> <span class='ocrx_word' id='word_1_27' title='bbox 748 697 879 759; x_wconf 91' lang='lat' dir='ltr'>lustinus</span> <span class='ocrx_word' id='word_1_28' title='bbox 902 699 1013 774; x_wconf 84' lang='lat' dir='ltr'>scribit,</span> <span class='ocrx_word' id='word_1_29' title='bbox 1036 720 1101 762; x_wconf 82' lang='lat' dir='ltr'>earm</span> <span class='ocrx_word' id='word_1_30' title='bbox 1121 718 1224 780; x_wconf 83' lang='lat' dir='ltr'>magna</span> <span class='ocrx_word' id='word_1_31' title='bbox 1240 711 1364 780; x_wconf 85' lang='lat' dir='ltr'>tempore</span> <span class='ocrx_word' id='word_1_32' title='bbox 1380 703 1517 782; x_wconf 78' lang='lat' dir='ltr'>finitimas</span> <span class='ocrx_word' id='word_1_33' title='bbox 1532 707 1600 764; x_wconf 76' lang='lat' dir='ltr'>ciat-</span> 
     </span>
     <span class='ocr_line' id='line_1_5' title="bbox 250 800 1602 884; baseline 0 -18"><span class='ocrx_word' id='word_1_34' title='bbox 250 814 334 874; x_wconf 85' lang='lat' dir='ltr'>tates,</span> <span class='ocrx_word' id='word_1_35' title='bbox 362 804 400 865; x_wconf 84' lang='lat' dir='ltr'>ad</span> <span class='ocrx_word' id='word_1_36' title='bbox 423 813 597 884; x_wconf 85' lang='lat' dir='ltr'>postremam</span> <span class='ocrx_word' id='word_1_37' title='bbox 623 800 741 880; x_wconf 78' lang='lat' dir='ltr'>Scythas</span> <span class='ocrx_word' id='word_1_38' title='bbox 759 803 890 882; x_wconf 83' lang='lat' dir='ltr'>preerbes</span> <span class='ocrx_word' id='word_1_39' title='bbox 910 803 1071 884; x_wconf 73' lang='lat' dir='ltr'>satrgnsset,</span> <span class='ocrx_word' id='word_1_40' title='bbox 1097 802 1268 882; x_wconf 79' lang='lat' dir='ltr'>Scytharum</span> <span class='ocrx_word' id='word_1_41' title='bbox 1290 809 1415 866; x_wconf 69' lang='lat' dir='ltr'>mammo</span> <span class='ocrx_word' id='word_1_42' title='bbox 1438 806 1548 867; x_wconf 77' lang='lat' dir='ltr'>auxilio</span> <span class='ocrx_word' id='word_1_43' title='bbox 1571 809 1602 866; x_wconf 86' lang='lat' dir='ltr'>a‘ra</span> 
     </span>
     <span class='ocr_line' id='line_1_6' title="bbox 251 904 1603 988; baseline 0.001 -20"><span class='ocrx_word' id='word_1_44' title='bbox 251 926 369 988; x_wconf 82' lang='lat' dir='ltr'>regnam</span> <span class='ocrx_word' id='word_1_45' title='bbox 389 910 550 969; x_wconf 76' lang='lat' dir='ltr'>restituitur</span> <span class='ocrx_word' id='word_1_46' title='bbox 571 951 599 966; x_wconf 94' lang='lat'>..</span> <span class='ocrx_word' id='word_1_47' title='bbox 622 904 787 985; x_wconf 81' lang='lat' dir='ltr'>(Tiridates)</span> <span class='ocrx_word' id='word_1_48' title='bbox 803 907 902 967; x_wconf 79' lang='lat' dir='ltr'>aedito</span> <span class='ocrx_word' id='word_1_49' title='bbox 918 907 1043 968; x_wconf 84' lang='lat' dir='ltr'>adveatu</span> <span class='ocrx_word' id='word_1_50' title='bbox 1056 906 1228 986; x_wconf 70' lang='lat' dir='ltr'>Scytharum</span> <span class='ocrx_word' id='word_1_51' title='bbox 1244 927 1309 970; x_wconf 83' lang='lat' dir='ltr'>cam</span> <span class='ocrx_word' id='word_1_52' title='bbox 1323 928 1429 988; x_wconf 83' lang='lat' dir='ltr'>magna</span> <span class='ocrx_word' id='word_1_53' title='bbox 1445 913 1603 971; x_wconf 81' lang='lat' dir='ltr'>amicorum</span> 
     </span>
     <span class='ocr_line' id='line_1_7' title="bbox 251 1009 1603 1093; baseline 0.002 -21"><span class='ocrx_word' id='word_1_54' title='bbox 251 1030 340 1073; x_wconf 83' lang='lat' dir='ltr'>maan</span> <span class='ocrx_word' id='word_1_55' title='bbox 360 1012 399 1072; x_wconf 86' lang='lat' dir='ltr'>ad</span> <span class='ocrx_word' id='word_1_56' title='bbox 416 1010 566 1072; x_wconf 86' lang='lat' dir='ltr'>Caesarem</span> <span class='ocrx_word' id='word_1_57' title='bbox 586 1013 618 1070; x_wconf 82' lang='lat' dir='ltr'>in</span> <span class='ocrx_word' id='word_1_58' title='bbox 634 1011 778 1090; x_wconf 74' lang='lat' dir='ltr'>lldpam&#39;a</span> <span class='ocrx_word' id='word_1_59' title='bbox 800 1009 904 1071; x_wconf 82' lang='lat' dir='ltr'>bellarm</span> <span class='ocrx_word' id='word_1_60' title='bbox 925 1021 986 1072; x_wconf 84' lang='lat' dir='ltr'>tam</span> <span class='ocrx_word' id='word_1_61' title='bbox 1007 1015 1139 1091; x_wconf 68' lang='lat' dir='ltr'>temperas</span> <span class='ocrx_word' id='word_1_62' title='bbox 1157 1023 1299 1092; x_wconf 77' lang='lat' dir='ltr'>perentam</span> <span class='ocrx_word' id='word_1_63' title='bbox 1318 1015 1456 1093; x_wconf 77' lang='lat' dir='ltr'>profugit,</span> <span class='ocrx_word' id='word_1_64' title='bbox 1479 1013 1603 1075; x_wconf 83' lang='lat' dir='ltr'>obsidem</span> 
     </span>
     <span class='ocr_line' id='line_1_8' title="bbox 254 1109 1602 1198; baseline 0.001 -22"><span class='ocrx_word' id='word_1_65' title='bbox 254 1115 374 1176; x_wconf 82' lang='lat' dir='ltr'>Caesari</span> <span class='ocrx_word' id='word_1_66' title='bbox 393 1116 541 1176; x_wconf 77' lang='lat' dir='ltr'>minanam</span> <span class='ocrx_word' id='word_1_67' title='bbox 564 1113 658 1194; x_wconf 80' lang='lat' dir='ltr'>filiam</span> <span class='ocrx_word' id='word_1_68' title='bbox 672 1109 823 1177; x_wconf 78' lang='lat' dir='ltr'>Phradatis</span> <span class='ocrx_word' id='word_1_69' title='bbox 841 1115 948 1194; x_wconf 81' lang='lat' dir='ltr'>sereres,</span> <span class='ocrx_word' id='word_1_70' title='bbox 971 1135 1052 1194; x_wconf 84' lang='lat' dir='ltr'>quem</span> <span class='ocrx_word' id='word_1_71' title='bbox 1067 1115 1258 1195; x_wconf 80' lang='lat' dir='ltr'>neglegentias</span> <span class='ocrx_word' id='word_1_72' title='bbox 1273 1117 1441 1180; x_wconf 81' lang='lat' dir='ltr'>custoditum</span> <span class='ocrx_word' id='word_1_73' title='bbox 1455 1127 1602 1198; x_wconf 81' lang='lat' dir='ltr'>rapuerat.</span> 
     </span>
     <span class='ocr_line' id='line_1_9' title="bbox 252 1211 1604 1302; baseline 0 -22"><span class='ocrx_word' id='word_1_74' title='bbox 252 1218 305 1280; x_wconf 83' lang='lat' dir='ltr'>bio</span> <span class='ocrx_word' id='word_1_75' title='bbox 327 1226 393 1299; x_wconf 91' lang='lat' dir='ltr'>post</span> <span class='ocrx_word' id='word_1_76' title='bbox 415 1236 503 1298; x_wconf 90' lang='lat' dir='ltr'>supra</span> <span class='ocrx_word' id='word_1_77' title='bbox 525 1217 628 1278; x_wconf 90' lang='lat' dir='ltr'>relata:</span> <span class='ocrx_word' id='word_1_78' title='bbox 651 1213 725 1279; x_wconf 85' lang='grc' dir='ltr'><strong><em>τότε</em></strong></span> <span class='ocrx_word' id='word_1_79' title='bbox 746 1215 784 1279; x_wconf 78' lang='grc' dir='ltr'>δὲ</span> <span class='ocrx_word' id='word_1_80' title='bbox 806 1214 923 1299; x_wconf 76' lang='grc' dir='ltr'><strong><em>ἐπειδη</em></strong></span> <span class='ocrx_word' id='word_1_81' title='bbox 947 1211 965 1279; x_wconf 88' lang='grc' dir='ltr'>ὅ</span> <span class='ocrx_word' id='word_1_82' title='bbox 985 1239 1020 1278; x_wconf 88' lang='grc' dir='ltr'><strong><em>τε</em></strong></span> <span class='ocrx_word' id='word_1_83' title='bbox 1038 1213 1211 1292; x_wconf 79' lang='grc' dir='ltr'><strong><em>Ἀντώνιος</em></strong></span> <span class='ocrx_word' id='word_1_84' title='bbox 1233 1214 1418 1302; x_wconf 77' lang='grc' dir='ltr'><em>ἐτελεύτησε</em></span> <span class='ocrx_word' id='word_1_85' title='bbox 1440 1218 1495 1280; x_wconf 78' lang='grc' dir='ltr'><strong><em>καὶ</em></strong></span> <span class='ocrx_word' id='word_1_86' title='bbox 1518 1214 1604 1280; x_wconf 82' lang='grc' dir='ltr'><strong><em>ἐκεί-</em></strong></span> 
     </span>
     <span class='ocr_line' id='line_1_10' title="bbox 252 1314 1607 1404; baseline -0.001 -20"><span class='ocrx_word' id='word_1_87' title='bbox 252 1342 318 1384; x_wconf 90' lang='grc' dir='ltr'>νων</span> <span class='ocrx_word' id='word_1_88' title='bbox 340 1316 359 1383; x_wconf 82' lang='grc' dir='ltr'>ὁ</span> <span class='ocrx_word' id='word_1_89' title='bbox 380 1317 442 1401; x_wconf 82' lang='grc' dir='ltr'>μὲν</span> <span class='ocrx_word' id='word_1_90' title='bbox 469 1316 645 1403; x_wconf 78' lang='grc' dir='ltr'><em>Τιριδάτης</em></span> <span class='ocrx_word' id='word_1_91' title='bbox 668 1314 821 1402; x_wconf 74' lang='grc' dir='ltr'><strong><em>ἡττηθεὶς</em></strong></span> <span class='ocrx_word' id='word_1_92' title='bbox 844 1318 876 1392; x_wconf 76' lang='grc' dir='ltr'>ἐς</span> <span class='ocrx_word' id='word_1_93' title='bbox 897 1319 956 1403; x_wconf 74' lang='grc' dir='ltr'>τήν</span> <span class='ocrx_word' id='word_1_94' title='bbox 977 1322 1101 1402; x_wconf 79' lang='grc' dir='ltr'><strong><em>Συρίαν</em></strong></span> <span class='ocrx_word' id='word_1_95' title='bbox 1122 1323 1319 1404; x_wconf 75' lang='grc' dir='ltr'><strong><em>κατέφυγεν,</em></strong></span> <span class='ocrx_word' id='word_1_96' title='bbox 1351 1317 1367 1383; x_wconf 85' lang='grc' dir='ltr'>ὁ</span> <span class='ocrx_word' id='word_1_97' title='bbox 1391 1319 1428 1382; x_wconf 83' lang='grc' dir='ltr'>δὲ</span> <span class='ocrx_word' id='word_1_98' title='bbox 1452 1318 1607 1404; x_wconf 78' lang='grc' dir='ltr'><em>Φραάτης</em></span> 
     </span>
     <span class='ocr_line' id='line_1_11' title="bbox 253 1419 1606 1507; baseline -0.001 -21"><span class='ocrx_word' id='word_1_99' title='bbox 253 1420 417 1507; x_wconf 78' lang='grc' dir='ltr'><strong><em>κρατήσας</em></strong></span> <span class='ocrx_word' id='word_1_100' title='bbox 439 1424 596 1505; x_wconf 80' lang='grc' dir='ltr'><strong><em>πρέσβεις</em></strong></span> <span class='ocrx_word' id='word_1_101' title='bbox 618 1419 761 1505; x_wconf 78' lang='grc' dir='ltr'><strong><em>ἔπεμψε,</em></strong></span> <span class='ocrx_word' id='word_1_102' title='bbox 784 1420 914 1496; x_wconf 80' lang='grc' dir='ltr'><strong><em>τούτοις</em></strong></span> <span class='ocrx_word' id='word_1_103' title='bbox 935 1445 970 1484; x_wconf 86' lang='grc' dir='ltr'><strong><em>τε</em></strong></span> <span class='ocrx_word' id='word_1_104' title='bbox 992 1421 1131 1506; x_wconf 80' lang='grc' dir='ltr'><strong><em>φιλικῶς</em></strong></span> <span class='ocrx_word' id='word_1_105' title='bbox 1153 1421 1347 1507; x_wconf 75' lang='grc' dir='ltr'><strong><em>ἐχρημάτισε</em></strong></span> <span class='ocrx_word' id='word_1_106' title='bbox 1369 1422 1491 1507; x_wconf 79' lang='grc' dir='ltr'><strong><em>καὶτῷ</em></strong></span> <span class='ocrx_word' id='word_1_107' title='bbox 1513 1427 1606 1507; x_wconf 85' lang='grc' dir='ltr'><strong><em>Τιρι-</em></strong></span> 
     </span>
     <span class='ocr_line' id='line_1_12' title="bbox 254 1521 1606 1615; baseline -0.003 -24"><span class='ocrx_word' id='word_1_108' title='bbox 254 1526 335 1611; x_wconf 80' lang='grc' dir='ltr'><strong><em>δάτῃ</em></strong></span> <span class='ocrx_word' id='word_1_109' title='bbox 359 1522 542 1610; x_wconf 76' lang='grc' dir='ltr'><strong><em>βοηθήσειν</em></strong></span> <span class='ocrx_word' id='word_1_110' title='bbox 564 1523 625 1607; x_wconf 81' lang='grc' dir='ltr'>μὲν</span> <span class='ocrx_word' id='word_1_111' title='bbox 647 1521 705 1605; x_wconf 74' lang='grc' dir='ltr'>οὐχ</span> <span class='ocrx_word' id='word_1_112' title='bbox 720 1521 893 1604; x_wconf 74' lang='grc' dir='ltr'><strong><em>ὑπίσχετο,</em></strong></span> <span class='ocrx_word' id='word_1_113' title='bbox 917 1524 1118 1588; x_wconf 70' lang='grc' dir='ltr'><strong><em>διαιτᾶσθαι</em></strong></span> <span class='ocrx_word' id='word_1_114' title='bbox 1135 1526 1171 1590; x_wconf 81' lang='grc' dir='ltr'>δὲ</span> <span class='ocrx_word' id='word_1_115' title='bbox 1187 1525 1222 1590; x_wconf 83' lang='grc' dir='ltr'>ἒν</span> <span class='ocrx_word' id='word_1_116' title='bbox 1237 1528 1275 1615; x_wconf 77' lang='grc' dir='ltr'>τῇ</span> <span class='ocrx_word' id='word_1_117' title='bbox 1290 1530 1394 1608; x_wconf 78' lang='grc' dir='ltr'><strong><em>Συρίᾳ</em></strong></span> <span class='ocrx_word' id='word_1_118' title='bbox 1409 1525 1606 1610; x_wconf 76' lang='grc' dir='ltr'><strong><em>ἐπέτρεψεν,</em></strong></span> 
     </span>
     <span class='ocr_line' id='line_1_13' title="bbox 254 1625 1608 1712; baseline -0.003 -17"><span class='ocrx_word' id='word_1_119' title='bbox 254 1630 328 1696; x_wconf 73' lang='grc' dir='ltr'><strong><em>υἱόν</em></strong></span> <span class='ocrx_word' id='word_1_120' title='bbox 355 1633 392 1693; x_wconf 82' lang='grc' dir='ltr'>τέ</span> <span class='ocrx_word' id='word_1_121' title='bbox 416 1653 492 1693; x_wconf 89' lang='grc' dir='ltr'><strong><em>τινα</em></strong></span> <span class='ocrx_word' id='word_1_122' title='bbox 518 1630 577 1692; x_wconf 83' lang='grc' dir='ltr'>τοῦ</span> <span class='ocrx_word' id='word_1_123' title='bbox 600 1627 755 1710; x_wconf 82' lang='grc' dir='ltr'><strong><em>Φραάτου</em></strong></span> <span class='ocrx_word' id='word_1_124' title='bbox 776 1627 812 1691; x_wconf 76' lang='grc' dir='ltr'>ἐν</span> <span class='ocrx_word' id='word_1_125' title='bbox 833 1625 1019 1710; x_wconf 78' lang='grc' dir='ltr'><strong><em>εὐεργεσίας</em></strong></span> <span class='ocrx_word' id='word_1_126' title='bbox 1041 1631 1133 1711; x_wconf 83' lang='grc' dir='ltr'><strong><em>μέρει</em></strong></span> <span class='ocrx_word' id='word_1_127' title='bbox 1157 1631 1239 1712; x_wconf 82' lang='grc' dir='ltr'><strong><em>παρ’</em></strong></span> <span class='ocrx_word' id='word_1_128' title='bbox 1262 1627 1363 1693; x_wconf 73' lang='lat' dir='ltr'>arisati</span> <span class='ocrx_word' id='word_1_129' title='bbox 1385 1628 1496 1712; x_wconf 78' lang='grc' dir='ltr'><strong><em>λαβών</em></strong></span> <span class='ocrx_word' id='word_1_130' title='bbox 1519 1628 1550 1703; x_wconf 84' lang='grc' dir='ltr'>ἔς</span> <span class='ocrx_word' id='word_1_131' title='bbox 1572 1653 1608 1692; x_wconf 85' lang='grc' dir='ltr'><strong><em>τε</em></strong></span> 
     </span>
     <span class='ocr_line' id='line_1_14' title="bbox 253 1728 1606 1820; baseline -0.004 -21"><span class='ocrx_word' id='word_1_132' title='bbox 253 1734 312 1820; x_wconf 76' lang='grc' dir='ltr'>τὴν</span> <span class='ocrx_word' id='word_1_133' title='bbox 331 1731 456 1817; x_wconf 76' lang='grc' dir='ltr'><strong><em>Ῥώμην</em></strong></span> <span class='ocrx_word' id='word_1_134' title='bbox 477 1729 618 1816; x_wconf 75' lang='grc' dir='ltr'><strong><em>ἀνήγαγε</em></strong></span> <span class='ocrx_word' id='word_1_135' title='bbox 640 1731 696 1795; x_wconf 79' lang='grc' dir='ltr'><strong><em>καὶ</em></strong></span> <span class='ocrx_word' id='word_1_136' title='bbox 718 1729 753 1794; x_wconf 78' lang='grc' dir='ltr'>ἐν</span> <span class='ocrx_word' id='word_1_137' title='bbox 775 1728 915 1814; x_wconf 78' lang='grc' dir='ltr'><strong><em>ὁμηρείᾳ</em></strong></span> <span class='ocrx_word' id='word_1_138' title='bbox 937 1729 1128 1814; x_wconf 79' lang='grc' dir='ltr'><strong><em>ἐποιήσατο.</em></strong></span> <span class='ocrx_word' id='word_1_139' title='bbox 1166 1735 1303 1796; x_wconf 84' lang='lat' dir='ltr'>Horatius</span> <span class='ocrx_word' id='word_1_140' title='bbox 1325 1755 1442 1815; x_wconf 93' lang='lat' dir='ltr'>quoque</span> <span class='ocrx_word' id='word_1_141' title='bbox 1463 1735 1494 1797; x_wconf 92' lang='lat' dir='ltr'>in</span> <span class='ocrx_word' id='word_1_142' title='bbox 1515 1754 1606 1796; x_wconf 93' lang='lat' dir='ltr'>carm.</span> 
     </span>
     <span class='ocr_line' id='line_1_15' title="bbox 256 1835 1609 1915; baseline -0.001 -14"><span class='ocrx_word' id='word_1_143' title='bbox 256 1841 285 1914; x_wconf 86' lang='lat'>2,</span> <span class='ocrx_word' id='word_1_144' title='bbox 301 1840 321 1899; x_wconf 83' lang='lat'><strong>2</strong></span> <span class='ocrx_word' id='word_1_145' title='bbox 336 1840 414 1901; x_wconf 90' lang='lat' dir='ltr'>inter</span> <span class='ocrx_word' id='word_1_146' title='bbox 429 1838 529 1900; x_wconf 89' lang='lat' dir='ltr'>beatos</span> <span class='ocrx_word' id='word_1_147' title='bbox 546 1836 649 1899; x_wconf 85' lang='lat' dir='ltr'>reterri</span> <span class='ocrx_word' id='word_1_148' title='bbox 663 1844 741 1897; x_wconf 82' lang='lat' dir='ltr'>vetat</span> <span class='ocrx_word' id='word_1_149' title='bbox 755 1835 898 1899; x_wconf 82' lang='lat' dir='ltr'>redditam</span> <span class='ocrx_word' id='word_1_150' title='bbox 916 1835 986 1915; x_wconf 79' lang='lat' dir='ltr'>Cyri</span> <span class='ocrx_word' id='word_1_151' title='bbox 997 1836 1066 1898; x_wconf 79' lang='lat' dir='ltr'>solio</span> <span class='ocrx_word' id='word_1_152' title='bbox 1082 1837 1251 1901; x_wconf 77' lang='lat' dir='ltr'>Plaralmtere.</span> <span class='ocrx_word' id='word_1_153' title='bbox 1281 1839 1347 1900; x_wconf 89' lang='lat' dir='ltr'>lllae</span> <span class='ocrx_word' id='word_1_154' title='bbox 1363 1839 1491 1900; x_wconf 91' lang='lat' dir='ltr'>duarum</span> <span class='ocrx_word' id='word_1_155' title='bbox 1506 1848 1609 1901; x_wconf 90' lang='lat' dir='ltr'>aucto-</span> 
     </span>
     <span class='ocr_line' id='line_1_16' title="bbox 255 1939 1607 2023; baseline -0.003 -18"><span class='ocrx_word' id='word_1_156' title='bbox 255 1962 322 2006; x_wconf 88' lang='lat' dir='ltr'>rum</span> <span class='ocrx_word' id='word_1_157' title='bbox 345 1942 501 2004; x_wconf 82' lang='lat' dir='ltr'>relationes</span> <span class='ocrx_word' id='word_1_158' title='bbox 523 1959 591 2003; x_wconf 94' lang='lat' dir='ltr'>cum</span> <span class='ocrx_word' id='word_1_159' title='bbox 614 1959 674 2001; x_wconf 91' lang='lat' dir='ltr'>non</span> <span class='ocrx_word' id='word_1_160' title='bbox 690 1940 811 2002; x_wconf 91' lang='lat' dir='ltr'>omnino</span> <span class='ocrx_word' id='word_1_161' title='bbox 826 1939 1014 2012; x_wconf 88' lang='lat' dir='ltr'>concordent,</span> <span class='ocrx_word' id='word_1_162' title='bbox 1039 1943 1161 2003; x_wconf 85' lang='lat' dir='ltr'>tortasse</span> <span class='ocrx_word' id='word_1_163' title='bbox 1176 1943 1206 2003; x_wconf 93' lang='lat' dir='ltr'>in</span> <span class='ocrx_word' id='word_1_164' title='bbox 1223 1960 1337 2004; x_wconf 91' lang='lat' dir='ltr'>summa</span> <span class='ocrx_word' id='word_1_165' title='bbox 1353 1962 1384 2002; x_wconf 93' lang='lat' dir='ltr'>re</span> <span class='ocrx_word' id='word_1_166' title='bbox 1401 1952 1524 2023; x_wconf 87' lang='lat' dir='ltr'>utraque</span> <span class='ocrx_word' id='word_1_167' title='bbox 1539 1961 1607 2002; x_wconf 84' lang='lat' dir='ltr'>rera</span> 
     </span>
     <span class='ocr_line' id='line_1_17' title="bbox 256 2042 1609 2127; baseline -0.001 -18"><span class='ocrx_word' id='word_1_168' title='bbox 256 2047 341 2126; x_wconf 75' lang='lat' dir='ltr'>est1).</span> <span class='ocrx_word' id='word_1_169' title='bbox 378 2045 537 2106; x_wconf 84' lang='lat' dir='ltr'>Credamus</span> <span class='ocrx_word' id='word_1_170' title='bbox 560 2043 644 2105; x_wconf 85' lang='lat' dir='ltr'>Dioni</span> <span class='ocrx_word' id='word_1_171' title='bbox 659 2042 818 2105; x_wconf 89' lang='lat' dir='ltr'>Tiridatem</span> <span class='ocrx_word' id='word_1_172' title='bbox 841 2044 965 2107; x_wconf 86' lang='lat' dir='ltr'>eiectum</span> <span class='ocrx_word' id='word_1_173' title='bbox 989 2065 1014 2107; x_wconf 90' lang='lat' dir='ltr'>a.</span> <span class='ocrx_word' id='word_1_174' title='bbox 1032 2047 1093 2107; x_wconf 89' lang='grc'>124</span> <span class='ocrx_word' id='word_1_175' title='bbox 1116 2056 1240 2107; x_wconf 79' lang='lat' dir='ltr'>exeunte</span> <span class='ocrx_word' id='word_1_176' title='bbox 1262 2047 1293 2107; x_wconf 91' lang='lat' dir='ltr'>in</span> <span class='ocrx_word' id='word_1_177' title='bbox 1310 2047 1422 2127; x_wconf 81' lang='lat' dir='ltr'>Syriam</span> <span class='ocrx_word' id='word_1_178' title='bbox 1446 2045 1481 2106; x_wconf 92' lang='lat' dir='ltr'>ad</span> <span class='ocrx_word' id='word_1_179' title='bbox 1498 2046 1609 2107; x_wconf 87' lang='lat' dir='ltr'>Roma·</span> 
     </span>
     <span class='ocr_line' id='line_1_18' title="bbox 256 2147 1609 2230; baseline -0.002 -17"><span class='ocrx_word' id='word_1_180' title='bbox 256 2171 310 2213; x_wconf 87' lang='lat' dir='ltr'>nos</span> <span class='ocrx_word' id='word_1_181' title='bbox 332 2148 498 2228; x_wconf 77' lang='lat' dir='ltr'>confugisse</span> <span class='ocrx_word' id='word_1_182' title='bbox 519 2166 615 2227; x_wconf 89' lang='lat' dir='ltr'>neque</span> <span class='ocrx_word' id='word_1_183' title='bbox 637 2156 735 2208; x_wconf 91' lang='lat' dir='ltr'>tamen</span> <span class='ocrx_word' id='word_1_184' title='bbox 758 2147 793 2208; x_wconf 92' lang='lat' dir='ltr'>ad</span> <span class='ocrx_word' id='word_1_185' title='bbox 814 2147 911 2228; x_wconf 90' lang='lat' dir='ltr'>ipsum</span> <span class='ocrx_word' id='word_1_186' title='bbox 927 2149 1093 2229; x_wconf 80' lang='lat' dir='ltr'>Augustum</span> <span class='ocrx_word' id='word_1_187' title='bbox 1117 2169 1150 2210; x_wconf 91' lang='lat' dir='ltr'>eo</span> <span class='ocrx_word' id='word_1_188' title='bbox 1166 2160 1299 2230; x_wconf 89' lang='lat' dir='ltr'>tempore</span> <span class='ocrx_word' id='word_1_189' title='bbox 1315 2159 1479 2211; x_wconf 87' lang='lat' dir='ltr'>morantem</span> <span class='ocrx_word' id='word_1_190' title='bbox 1495 2150 1525 2210; x_wconf 89' lang='lat' dir='ltr'>in</span> <span class='ocrx_word' id='word_1_191' title='bbox 1541 2149 1609 2210; x_wconf 87' lang='lat' dir='ltr'>hsia</span> 
     </span>
     <span class='ocr_line' id='line_1_19' title="bbox 257 2249 1609 2334; baseline -0.001 -19"><span class='ocrx_word' id='word_1_192' title='bbox 257 2254 310 2334; x_wconf 87' lang='lat' dir='ltr'>(ihi</span> <span class='ocrx_word' id='word_1_193' title='bbox 339 2253 418 2314; x_wconf 91' lang='lat' dir='ltr'>enim</span> <span class='ocrx_word' id='word_1_194' title='bbox 445 2271 513 2313; x_wconf 89' lang='lat' dir='ltr'>eum</span> <span class='ocrx_word' id='word_1_195' title='bbox 536 2251 654 2312; x_wconf 89' lang='lat' dir='ltr'>hiemen</span> <span class='ocrx_word' id='word_1_196' title='bbox 677 2270 703 2311; x_wconf 86' lang='lat' dir='ltr'>a.</span> <span class='ocrx_word' id='word_1_197' title='bbox 720 2249 814 2322; x_wconf 84' lang='grc'>12415</span> <span class='ocrx_word' id='word_1_198' title='bbox 837 2251 967 2332; x_wconf 84' lang='lat' dir='ltr'>exegisse</span> <span class='ocrx_word' id='word_1_199' title='bbox 989 2252 1042 2314; x_wconf 88' lang='lat' dir='ltr'>Dio</span> <span class='ocrx_word' id='word_1_200' title='bbox 1064 2254 1160 2334; x_wconf 91' lang='lat' dir='ltr'>paullo</span> <span class='ocrx_word' id='word_1_201' title='bbox 1183 2262 1250 2314; x_wconf 89' lang='lat' dir='ltr'>ante</span> <span class='ocrx_word' id='word_1_202' title='bbox 1273 2253 1374 2315; x_wconf 92' lang='lat' dir='ltr'>scribit</span> <span class='ocrx_word' id='word_1_203' title='bbox 1395 2252 1493 2332; x_wconf 88' lang='lat' dir='ltr'>ibique</span> <span class='ocrx_word' id='word_1_204' title='bbox 1517 2251 1609 2332; x_wconf 87' lang='lat' dir='ltr'>magis</span> 
     </span>
     <span class='ocr_line' id='line_1_20' title="bbox 257 2341 1609 2439; baseline -0.002 -20"><span class='ocrx_word' id='word_1_205' title='bbox 257 2377 345 2439; x_wconf 93' lang='lat' dir='ltr'>quam</span> <span class='ocrx_word' id='word_1_206' title='bbox 362 2356 441 2419; x_wconf 89' lang='lat' dir='ltr'>Sami</span> <span class='ocrx_word' id='word_1_207' title='bbox 464 2341 650 2417; x_wconf 82' lang='lat' dir='ltr'>consulatum</span> <span class='ocrx_word' id='word_1_208' title='bbox 672 2373 698 2415; x_wconf 89' lang='lat' dir='ltr'>a.</span> <span class='ocrx_word' id='word_1_209' title='bbox 715 2355 776 2414; x_wconf 90' lang='grc'>125</span> <span class='ocrx_word' id='word_1_210' title='bbox 792 2354 866 2425; x_wconf 92' lang='lat' dir='ltr'>iniit,</span> <span class='ocrx_word' id='word_1_211' title='bbox 889 2357 925 2415; x_wconf 87' lang='lat' dir='ltr'>cl.</span> <span class='ocrx_word' id='word_1_212' title='bbox 944 2356 1102 2418; x_wconf 89' lang='lat' dir='ltr'>Suetonius</span> <span class='ocrx_word' id='word_1_213' title='bbox 1117 2357 1188 2436; x_wconf 86' lang='lat' dir='ltr'>hug.</span> <span class='ocrx_word' id='word_1_214' title='bbox 1206 2356 1269 2435; x_wconf 84' lang='lat'>26).</span> <span class='ocrx_word' id='word_1_215' title='bbox 1299 2356 1427 2436; x_wconf 82' lang='lat' dir='ltr'>Benigne</span> <span class='ocrx_word' id='word_1_216' title='bbox 1443 2357 1609 2436; x_wconf 80' lang='lat' dir='ltr'>Augustum</span> 
     </span>
     <span class='ocr_line' id='line_1_21' title="bbox 258 2457 1610 2542; baseline -0.004 -19"><span class='ocrx_word' id='word_1_217' title='bbox 258 2463 376 2523; x_wconf 86' lang='lat' dir='ltr'>Phraali</span> <span class='ocrx_word' id='word_1_218' title='bbox 398 2460 583 2542; x_wconf 88' lang='lat' dir='ltr'>respondisse</span> <span class='ocrx_word' id='word_1_219' title='bbox 604 2478 701 2537; x_wconf 90' lang='lat' dir='ltr'>neque</span> <span class='ocrx_word' id='word_1_220' title='bbox 716 2457 852 2520; x_wconf 88' lang='lat' dir='ltr'>Tiridatis</span> <span class='ocrx_word' id='word_1_221' title='bbox 875 2479 993 2521; x_wconf 90' lang='lat' dir='ltr'>causam</span> <span class='ocrx_word' id='word_1_222' title='bbox 1016 2468 1114 2540; x_wconf 90' lang='lat' dir='ltr'>aperte</span> <span class='ocrx_word' id='word_1_223' title='bbox 1136 2469 1236 2522; x_wconf 90' lang='lat' dir='ltr'>contra</span> <span class='ocrx_word' id='word_1_224' title='bbox 1259 2479 1325 2522; x_wconf 90' lang='lat' dir='ltr'>eum</span> <span class='ocrx_word' id='word_1_225' title='bbox 1351 2459 1515 2540; x_wconf 81' lang='lat' dir='ltr'>suscepisse</span> <span class='ocrx_word' id='word_1_226' title='bbox 1530 2459 1610 2520; x_wconf 91' lang='lat' dir='ltr'>idem</span> 
     </span>
     <span class='ocr_line' id='line_1_22' title="bbox 260 2561 1612 2643; baseline -0.004 -15"><span class='ocrx_word' id='word_1_227' title='bbox 260 2566 323 2628; x_wconf 88' lang='lat' dir='ltr'>sine</span> <span class='ocrx_word' id='word_1_228' title='bbox 350 2565 437 2626; x_wconf 91' lang='lat' dir='ltr'>dubio</span> <span class='ocrx_word' id='word_1_229' title='bbox 464 2572 542 2626; x_wconf 90' lang='lat' dir='ltr'>recte</span> <span class='ocrx_word' id='word_1_230' title='bbox 569 2562 702 2637; x_wconf 79' lang='lat' dir='ltr'>tradidit3</span> <span class='ocrx_word' id='word_1_231' title='bbox 733 2562 783 2623; x_wconf 88' lang='lat' dir='ltr'>sed</span> <span class='ocrx_word' id='word_1_232' title='bbox 808 2581 876 2624; x_wconf 89' lang='lat' dir='ltr'>vere</span> <span class='ocrx_word' id='word_1_233' title='bbox 902 2583 969 2624; x_wconf 92' lang='lat' dir='ltr'>eum</span> <span class='ocrx_word' id='word_1_234' title='bbox 993 2564 1023 2624; x_wconf 94' lang='lat' dir='ltr'>in</span> <span class='ocrx_word' id='word_1_235' title='bbox 1046 2562 1201 2625; x_wconf 91' lang='lat' dir='ltr'>amicitiam</span> <span class='ocrx_word' id='word_1_236' title='bbox 1226 2581 1293 2642; x_wconf 81' lang='lat' dir='ltr'>cum</span> <span class='ocrx_word' id='word_1_237' title='bbox 1317 2581 1383 2643; x_wconf 89' lang='lat' dir='ltr'>rege</span> <span class='ocrx_word' id='word_1_238' title='bbox 1405 2581 1465 2623; x_wconf 94' lang='lat' dir='ltr'>uon</span> <span class='ocrx_word' id='word_1_239' title='bbox 1488 2561 1612 2623; x_wconf 89' lang='lat' dir='ltr'>rediisse</span> 
     </span>
     <span class='ocr_line' id='line_1_23' title="bbox 259 2664 1612 2747; baseline -0.003 -17"><span class='ocrx_word' id='word_1_240' title='bbox 259 2688 326 2730; x_wconf 92' lang='lat' dir='ltr'>cum</span> <span class='ocrx_word' id='word_1_241' title='bbox 349 2688 385 2729; x_wconf 84' lang='lat' dir='ltr'>ex</span> <span class='ocrx_word' id='word_1_242' title='bbox 406 2668 543 2729; x_wconf 88' lang='lat' dir='ltr'>universo</span> <span class='ocrx_word' id='word_1_243' title='bbox 565 2685 663 2728; x_wconf 92' lang='lat' dir='ltr'>rerum</span> <span class='ocrx_word' id='word_1_244' title='bbox 681 2674 759 2727; x_wconf 86' lang='lat' dir='ltr'>statu</span> <span class='ocrx_word' id='word_1_245' title='bbox 774 2666 919 2745; x_wconf 88' lang='lat' dir='ltr'>colligitur</span> <span class='ocrx_word' id='word_1_246' title='bbox 935 2668 1024 2746; x_wconf 89' lang='lat' dir='ltr'>signis</span> <span class='ocrx_word' id='word_1_247' title='bbox 1040 2667 1158 2728; x_wconf 87' lang='lat' dir='ltr'>amissis</span> <span class='ocrx_word' id='word_1_248' title='bbox 1168 2685 1352 2747; x_wconf 87' lang='lat' dir='ltr'>nequaquam</span> <span class='ocrx_word' id='word_1_249' title='bbox 1368 2665 1513 2728; x_wconf 88' lang='lat' dir='ltr'>restitutis</span> <span class='ocrx_word' id='word_1_250' title='bbox 1529 2664 1612 2745; x_wconf 85' lang='lat' dir='ltr'>(ride</span> 
     </span>
     <span class='ocr_line' id='line_1_24' title="bbox 260 2767 1610 2852; baseline -0.004 -18"><span class='ocrx_word' id='word_1_251' title='bbox 260 2791 348 2852; x_wconf 89' lang='lat' dir='ltr'>supra</span> <span class='ocrx_word' id='word_1_252' title='bbox 369 2791 398 2851; x_wconf 93' lang='lat' dir='ltr'>p.</span> <span class='ocrx_word' id='word_1_253' title='bbox 416 2771 489 2850; x_wconf 93' lang='grc'>111)</span> <span class='ocrx_word' id='word_1_254' title='bbox 514 2781 576 2832; x_wconf 93' lang='lat' dir='ltr'>tum</span> <span class='ocrx_word' id='word_1_255' title='bbox 599 2790 633 2832; x_wconf 83' lang='lat' dir='ltr'>ex</span> <span class='ocrx_word' id='word_1_256' title='bbox 655 2770 720 2851; x_wconf 91' lang='lat' dir='ltr'>ipso</span> <span class='ocrx_word' id='word_1_257' title='bbox 742 2788 786 2843; x_wconf 89' lang='lat' dir='ltr'>eo,</span> <span class='ocrx_word' id='word_1_258' title='bbox 809 2771 888 2849; x_wconf 94' lang='lat' dir='ltr'>quod</span> <span class='ocrx_word' id='word_1_259' title='bbox 903 2769 1052 2850; x_wconf 77' lang='lat' dir='ltr'>Augustus</span> <span class='ocrx_word' id='word_1_260' title='bbox 1067 2771 1222 2850; x_wconf 87' lang='lat' dir='ltr'>Tigranem</span> <span class='ocrx_word' id='word_1_261' title='bbox 1245 2769 1373 2850; x_wconf 73' lang='lat' dir='ltr'>insyria</span> <span class='ocrx_word' id='word_1_262' title='bbox 1397 2770 1500 2847; x_wconf 89' lang='lat' dir='ltr'>degere</span> <span class='ocrx_word' id='word_1_263' title='bbox 1514 2767 1610 2836; x_wconf 80' lang='lat' dir='ltr'>iussit,</span> 
     </span>
     <span class='ocr_line' id='line_1_25' title="bbox 261 2871 1612 2955; baseline -0.002 -20"><span class='ocrx_word' id='word_1_264' title='bbox 261 2875 325 2936; x_wconf 92' lang='lat' dir='ltr'>sine</span> <span class='ocrx_word' id='word_1_265' title='bbox 346 2873 435 2935; x_wconf 90' lang='lat' dir='ltr'>dubio</span> <span class='ocrx_word' id='word_1_266' title='bbox 458 2893 492 2934; x_wconf 92' lang='lat' dir='ltr'>eo</span> <span class='ocrx_word' id='word_1_267' title='bbox 515 2873 646 2948; x_wconf 88' lang='lat' dir='ltr'>consilio,</span> <span class='ocrx_word' id='word_1_268' title='bbox 668 2882 703 2934; x_wconf 94' lang='lat' dir='ltr'>ut</span> <span class='ocrx_word' id='word_1_269' title='bbox 722 2873 789 2935; x_wconf 93' lang='lat' dir='ltr'>inde</span> <span class='ocrx_word' id='word_1_270' title='bbox 811 2883 911 2936; x_wconf 91' lang='lat' dir='ltr'>motus</span> <span class='ocrx_word' id='word_1_271' title='bbox 934 2874 963 2935; x_wconf 92' lang='lat' dir='ltr'>in</span> <span class='ocrx_word' id='word_1_272' title='bbox 987 2874 1078 2936; x_wconf 88' lang='lat' dir='ltr'>vicina</span> <span class='ocrx_word' id='word_1_273' title='bbox 1101 2873 1219 2935; x_wconf 85' lang='lat' dir='ltr'>Parthia</span> <span class='ocrx_word' id='word_1_274' title='bbox 1240 2882 1374 2955; x_wconf 86' lang='lat' dir='ltr'>pergeret</span> <span class='ocrx_word' id='word_1_275' title='bbox 1395 2872 1530 2934; x_wconf 84' lang='lat' dir='ltr'>excitare.</span> <span class='ocrx_word' id='word_1_276' title='bbox 1575 2871 1612 2932; x_wconf 88' lang='lat' dir='ltr'>Et</span> 
     </span>
     <span class='ocr_line' id='line_1_26' title="bbox 261 2975 1611 3058; baseline -0.003 -18"><span class='ocrx_word' id='word_1_277' title='bbox 261 2979 376 3040; x_wconf 87' lang='lat' dir='ltr'>ridetur</span> <span class='ocrx_word' id='word_1_278' title='bbox 396 2996 463 3038; x_wconf 87' lang='lat' dir='ltr'>vere</span> <span class='ocrx_word' id='word_1_279' title='bbox 478 2975 621 3038; x_wconf 88' lang='lat' dir='ltr'>Tiridates</span> <span class='ocrx_word' id='word_1_280' title='bbox 635 2977 666 3038; x_wconf 93' lang='lat' dir='ltr'>in</span> <span class='ocrx_word' id='word_1_281' title='bbox 681 2996 804 3058; x_wconf 92' lang='lat' dir='ltr'>regnum</span> <span class='ocrx_word' id='word_1_282' title='bbox 819 2977 953 3040; x_wconf 90' lang='lat' dir='ltr'>Phraatis</span> <span class='ocrx_word' id='word_1_283' title='bbox 968 2977 1113 3039; x_wconf 90' lang='lat' dir='ltr'>hostiliter</span> <span class='ocrx_word' id='word_1_284' title='bbox 1127 2979 1276 3056; x_wconf 88' lang='lat' dir='ltr'>ingressus</span> <span class='ocrx_word' id='word_1_285' title='bbox 1291 2997 1356 3038; x_wconf 89' lang='lat' dir='ltr'>esse</span> <span class='ocrx_word' id='word_1_286' title='bbox 1371 2995 1463 3056; x_wconf 88' lang='lat' dir='ltr'>eoque</span> <span class='ocrx_word' id='word_1_287' title='bbox 1480 2983 1611 3056; x_wconf 89' lang='lat' dir='ltr'>spectare</span> 
     </span>
    </p>
   </div>
   <div class='ocr_carea' id='block_1_3' title="bbox 262 3176 1616 4786">
    <p class='ocr_par' dir='ltr' id='par_1_3' title="bbox 262 3176 1616 4786">
     <span class='ocr_line' id='line_1_27' title="bbox 361 3176 1612 3245; baseline -0.002 -17"><span class='ocrx_word' id='word_1_288' title='bbox 361 3180 384 3242; x_wconf 86' lang='lat'>¹)</span> <span class='ocrx_word' id='word_1_289' title='bbox 405 3177 504 3229; x_wconf 84' lang='lat' dir='ltr'>Nummi</span> <span class='ocrx_word' id='word_1_290' title='bbox 523 3176 637 3228; x_wconf 79' lang='lat' dir='ltr'>Parthici</span> <span class='ocrx_word' id='word_1_291' title='bbox 662 3193 708 3244; x_wconf 87' lang='lat' dir='ltr'>per</span> <span class='ocrx_word' id='word_1_292' title='bbox 729 3179 775 3229; x_wconf 91' lang='lat' dir='ltr'>hoa</span> <span class='ocrx_word' id='word_1_293' title='bbox 799 3194 878 3229; x_wconf 88' lang='lat' dir='ltr'>annas</span> <span class='ocrx_word' id='word_1_294' title='bbox 902 3179 996 3242; x_wconf 88' lang='lat' dir='ltr'>signati</span> <span class='ocrx_word' id='word_1_295' title='bbox 1020 3194 1075 3229; x_wconf 89' lang='lat' dir='ltr'>cum</span> <span class='ocrx_word' id='word_1_296' title='bbox 1096 3194 1184 3243; x_wconf 86' lang='lat' dir='ltr'>magna</span> <span class='ocrx_word' id='word_1_297' title='bbox 1203 3193 1235 3229; x_wconf 81' lang='lat' dir='ltr'>ex</span> <span class='ocrx_word' id='word_1_298' title='bbox 1254 3184 1326 3245; x_wconf 91' lang='lat' dir='ltr'>parte</span> <span class='ocrx_word' id='word_1_299' title='bbox 1344 3193 1436 3229; x_wconf 88' lang='lat' dir='ltr'>annum</span> <span class='ocrx_word' id='word_1_300' title='bbox 1454 3191 1612 3242; x_wconf 87' lang='lat' dir='ltr'>mensemque</span> 
     </span>
     <span class='ocr_line' id='line_1_28' title="bbox 262 3263 1612 3330; baseline -0.005 -13"><span class='ocrx_word' id='word_1_301' title='bbox 262 3267 405 3326; x_wconf 79' lang='lat' dir='ltr'>enuntient,</span> <span class='ocrx_word' id='word_1_302' title='bbox 428 3279 516 3328; x_wconf 80' lang='lat' dir='ltr'>regum</span> <span class='ocrx_word' id='word_1_303' title='bbox 539 3270 652 3329; x_wconf 88' lang='lat' dir='ltr'>tempora</span> <span class='ocrx_word' id='word_1_304' title='bbox 674 3272 745 3316; x_wconf 86' lang='lat' dir='ltr'>recte</span> <span class='ocrx_word' id='word_1_305' title='bbox 767 3266 928 3330; x_wconf 81' lang='lat' dir='ltr'>stabilirent,</span> <span class='ocrx_word' id='word_1_306' title='bbox 952 3266 1002 3316; x_wconf 89' lang='lat' dir='ltr'>uisi</span> <span class='ocrx_word' id='word_1_307' title='bbox 1026 3281 1114 3316; x_wconf 88' lang='lat' dir='ltr'>nomen</span> <span class='ocrx_word' id='word_1_308' title='bbox 1136 3265 1238 3316; x_wconf 77' lang='lat' dir='ltr'>Arsacis</span> <span class='ocrx_word' id='word_1_309' title='bbox 1263 3264 1288 3314; x_wconf 88' lang='lat' dir='ltr'>in</span> <span class='ocrx_word' id='word_1_310' title='bbox 1314 3264 1428 3314; x_wconf 87' lang='lat' dir='ltr'>omnibns</span> <span class='ocrx_word' id='word_1_311' title='bbox 1449 3263 1516 3314; x_wconf 87' lang='lat' dir='ltr'>idem</span> <span class='ocrx_word' id='word_1_312' title='bbox 1534 3271 1612 3324; x_wconf 79' lang='lat' dir='ltr'>esset,</span> 
     </span>
     <span class='ocr_line' id='line_1_29' title="bbox 262 3349 1613 3416; baseline -0.004 -13"><span class='ocrx_word' id='word_1_313' title='bbox 262 3353 333 3404; x_wconf 91' lang='lat' dir='ltr'>tituli</span> <span class='ocrx_word' id='word_1_314' title='bbox 350 3351 405 3403; x_wconf 85' lang='lat' dir='ltr'>iera</span> <span class='ocrx_word' id='word_1_315' title='bbox 422 3352 498 3402; x_wconf 88' lang='lat' dir='ltr'>iidem</span> <span class='ocrx_word' id='word_1_316' title='bbox 516 3358 543 3401; x_wconf 86' lang='lat' dir='ltr'>et</span> <span class='ocrx_word' id='word_1_317' title='bbox 561 3351 587 3400; x_wconf 91' lang='lat' dir='ltr'>in</span> <span class='ocrx_word' id='word_1_318' title='bbox 605 3351 660 3401; x_wconf 90' lang='lat' dir='ltr'>sola</span> <span class='ocrx_word' id='word_1_319' title='bbox 678 3349 756 3402; x_wconf 85' lang='lat' dir='ltr'>faciei</span> <span class='ocrx_word' id='word_1_320' title='bbox 773 3353 926 3404; x_wconf 84' lang='lat' dir='ltr'>diversitate</span> <span class='ocrx_word' id='word_1_321' title='bbox 945 3353 1064 3402; x_wconf 87' lang='lat' dir='ltr'>iudicium</span> <span class='ocrx_word' id='word_1_322' title='bbox 1082 3359 1237 3404; x_wconf 86' lang='lat' dir='ltr'>verteretur.</span> <span class='ocrx_word' id='word_1_323' title='bbox 1268 3349 1317 3415; x_wconf 79' lang='lat' dir='ltr'>Qui</span> <span class='ocrx_word' id='word_1_324' title='bbox 1329 3358 1472 3416; x_wconf 85' lang='lat' dir='ltr'>postremus</span> <span class='ocrx_word' id='word_1_325' title='bbox 1484 3349 1613 3415; x_wconf 83' lang='lat' dir='ltr'>quaestio-</span> 
     </span>
     <span class='ocr_line' id='line_1_30' title="bbox 263 3435 1613 3504; baseline -0.003 -14"><span class='ocrx_word' id='word_1_326' title='bbox 263 3456 318 3490; x_wconf 85' lang='lat' dir='ltr'>nem</span> <span class='ocrx_word' id='word_1_327' title='bbox 335 3439 460 3489; x_wconf 87' lang='lat' dir='ltr'>tractavit</span> <span class='ocrx_word' id='word_1_328' title='bbox 477 3435 559 3504; x_wconf 78' lang='lat' dir='ltr'>Percy</span> <span class='ocrx_word' id='word_1_329' title='bbox 572 3435 688 3488; x_wconf 86' lang='lat' dir='ltr'>Gardner</span> <span class='ocrx_word' id='word_1_330' title='bbox 707 3440 757 3501; x_wconf 77' lang='lat' dir='ltr'>(tlte</span> <span class='ocrx_word' id='word_1_331' title='bbox 773 3439 901 3489; x_wconf 77' lang='lat' dir='ltr'>Parthian</span> <span class='ocrx_word' id='word_1_332' title='bbox 918 3441 1032 3503; x_wconf 76' lang='lat' dir='ltr'>coinage.</span> <span class='ocrx_word' id='word_1_333' title='bbox 1056 3438 1177 3489; x_wconf 88' lang='lat' dir='ltr'>Londinii</span> <span class='ocrx_word' id='word_1_334' title='bbox 1195 3437 1258 3487; x_wconf 91' lang='grc'>1811</span> <span class='ocrx_word' id='word_1_335' title='bbox 1272 3453 1295 3503; x_wconf 92' lang='lat' dir='ltr'>p.</span> <span class='ocrx_word' id='word_1_336' title='bbox 1309 3438 1342 3487; x_wconf 83' lang='grc'>12</span> <span class='ocrx_word' id='word_1_337' title='bbox 1352 3437 1414 3503; x_wconf 88' lang='lat' dir='ltr'>seq.)</span> <span class='ocrx_word' id='word_1_338' title='bbox 1433 3452 1488 3487; x_wconf 86' lang='lat' dir='ltr'>eum</span> <span class='ocrx_word' id='word_1_339' title='bbox 1502 3451 1613 3486; x_wconf 82' lang='lat' dir='ltr'>nummos</span> 
     </span>
     <span class='ocr_line' id='line_1_31' title="bbox 262 3522 1614 3591; baseline -0.003 -16"><span class='ocrx_word' id='word_1_340' title='bbox 262 3524 380 3575; x_wconf 84' lang='lat' dir='ltr'>Phraatis</span> <span class='ocrx_word' id='word_1_341' title='bbox 401 3524 475 3574; x_wconf 86' lang='lat' dir='ltr'>huius</span> <span class='ocrx_word' id='word_1_342' title='bbox 498 3523 694 3589; x_wconf 89' lang='lat' dir='ltr'>comprehendat</span> <span class='ocrx_word' id='word_1_343' title='bbox 716 3526 786 3575; x_wconf 88' lang='lat' dir='ltr'>inter</span> <span class='ocrx_word' id='word_1_344' title='bbox 806 3541 829 3574; x_wconf 93' lang='lat' dir='ltr'>a.</span> <span class='ocrx_word' id='word_1_345' title='bbox 848 3526 899 3577; x_wconf 88' lang='lat' dir='ltr'>Sal.</span> <span class='ocrx_word' id='word_1_346' title='bbox 913 3525 963 3574; x_wconf 92' lang='grc'>216</span> <span class='ocrx_word' id='word_1_347' title='bbox 980 3547 1014 3566; x_wconf 89' lang='lat'>=</span> <span class='ocrx_word' id='word_1_348' title='bbox 1032 3542 1056 3588; x_wconf 83' lang='lat' dir='ltr'>q.</span> <span class='ocrx_word' id='word_1_349' title='bbox 1069 3542 1090 3576; x_wconf 91' lang='lat' dir='ltr'>c.</span> <span class='ocrx_word' id='word_1_350' title='bbox 1106 3525 1183 3591; x_wconf 83' lang='grc'>11118</span> <span class='ocrx_word' id='word_1_351' title='bbox 1206 3532 1232 3574; x_wconf 91' lang='lat' dir='ltr'>et</span> <span class='ocrx_word' id='word_1_352' title='bbox 1254 3522 1305 3574; x_wconf 89' lang='lat' dir='ltr'>Sel.</span> <span class='ocrx_word' id='word_1_353' title='bbox 1325 3523 1374 3573; x_wconf 89' lang='grc'>289</span> <span class='ocrx_word' id='word_1_354' title='bbox 1392 3547 1425 3564; x_wconf 92' lang='lat'><em>=</em></span> <span class='ocrx_word' id='word_1_355' title='bbox 1444 3541 1468 3573; x_wconf 94' lang='lat' dir='ltr'>u.</span> <span class='ocrx_word' id='word_1_356' title='bbox 1487 3539 1508 3572; x_wconf 91' lang='lat' dir='ltr'>c.</span> <span class='ocrx_word' id='word_1_357' title='bbox 1527 3523 1614 3585; x_wconf 86' lang='grc'>13011,</span> 
     </span>
     <span class='ocr_line' id='line_1_32' title="bbox 262 3609 1613 3679; baseline -0.003 -17"><span class='ocrx_word' id='word_1_358' title='bbox 262 3628 307 3679; x_wconf 92' lang='lat' dir='ltr'>per</span> <span class='ocrx_word' id='word_1_359' title='bbox 330 3612 430 3662; x_wconf 88' lang='lat' dir='ltr'>eosdem</span> <span class='ocrx_word' id='word_1_360' title='bbox 454 3625 533 3660; x_wconf 91' lang='lat' dir='ltr'>annos</span> <span class='ocrx_word' id='word_1_361' title='bbox 556 3609 605 3658; x_wconf 91' lang='lat' dir='ltr'>dno</span> <span class='ocrx_word' id='word_1_362' title='bbox 628 3610 710 3676; x_wconf 89' lang='lat' dir='ltr'>capita</span> <span class='ocrx_word' id='word_1_363' title='bbox 733 3613 836 3662; x_wconf 88' lang='lat' dir='ltr'>diversa</span> <span class='ocrx_word' id='word_1_364' title='bbox 861 3612 887 3663; x_wconf 93' lang='lat' dir='ltr'>iu</span> <span class='ocrx_word' id='word_1_365' title='bbox 912 3612 1017 3662; x_wconf 88' lang='lat' dir='ltr'>nummis</span> <span class='ocrx_word' id='word_1_366' title='bbox 1040 3610 1234 3676; x_wconf 85' lang='lat' dir='ltr'>deprehendisse</span> <span class='ocrx_word' id='word_1_367' title='bbox 1257 3610 1308 3660; x_wconf 88' lang='lat' dir='ltr'>sibi</span> <span class='ocrx_word' id='word_1_368' title='bbox 1331 3611 1403 3660; x_wconf 86' lang='lat' dir='ltr'>visus</span> <span class='ocrx_word' id='word_1_369' title='bbox 1427 3617 1478 3674; x_wconf 88' lang='lat' dir='ltr'>est,</span> <span class='ocrx_word' id='word_1_370' title='bbox 1505 3610 1613 3659; x_wconf 85' lang='lat' dir='ltr'>alterum</span> 
     </span>
     <span class='ocr_line' id='line_1_33' title="bbox 264 3693 1615 3766; baseline -0.002 -18"><span class='ocrx_word' id='word_1_371' title='bbox 264 3698 338 3749; x_wconf 92' lang='lat' dir='ltr'>unius</span> <span class='ocrx_word' id='word_1_372' title='bbox 356 3697 415 3747; x_wconf 91' lang='lat' dir='ltr'>anni</span> <span class='ocrx_word' id='word_1_373' title='bbox 433 3696 484 3746; x_wconf 90' lang='lat' dir='ltr'>Sel.</span> <span class='ocrx_word' id='word_1_374' title='bbox 503 3696 552 3746; x_wconf 88' lang='grc'>280</span> <span class='ocrx_word' id='word_1_375' title='bbox 571 3695 701 3757; x_wconf 83' lang='lat' dir='ltr'>(mensium</span> <span class='ocrx_word' id='word_1_376' title='bbox 719 3695 854 3747; x_wconf 77' lang='lat' dir='ltr'>Artemisii</span> <span class='ocrx_word' id='word_1_377' title='bbox 871 3696 960 3764; x_wconf 76' lang='lat' dir='ltr'>Dystri</span> <span class='ocrx_word' id='word_1_378' title='bbox 974 3696 1069 3763; x_wconf 84' lang='lat' dir='ltr'>Duesii)</span> <span class='ocrx_word' id='word_1_379' title='bbox 1081 3719 1114 3736; x_wconf 90' lang='lat'><strong><em>=</em></strong></span> <span class='ocrx_word' id='word_1_380' title='bbox 1126 3713 1151 3747; x_wconf 83' lang='lat' dir='ltr'>a.</span> <span class='ocrx_word' id='word_1_381' title='bbox 1164 3713 1185 3747; x_wconf 86' lang='lat' dir='ltr'>a.</span> <span class='ocrx_word' id='word_1_382' title='bbox 1199 3693 1285 3766; x_wconf 85' lang='grc'>12112,</span> <span class='ocrx_word' id='word_1_383' title='bbox 1304 3697 1413 3748; x_wconf 86' lang='lat' dir='ltr'>alteram</span> <span class='ocrx_word' id='word_1_384' title='bbox 1431 3713 1454 3748; x_wconf 88' lang='lat' dir='ltr'>a.</span> <span class='ocrx_word' id='word_1_385' title='bbox 1467 3697 1517 3747; x_wconf 83' lang='grc'>285</span> <span class='ocrx_word' id='word_1_386' title='bbox 1534 3697 1615 3758; x_wconf 85' lang='lat' dir='ltr'>(man-</span> 
     </span>
     <span class='ocr_line' id='line_1_34' title="bbox 263 3781 1615 3850; baseline -0.003 -14"><span class='ocrx_word' id='word_1_387' title='bbox 263 3786 299 3836; x_wconf 88' lang='lat' dir='ltr'>sis</span> <span class='ocrx_word' id='word_1_388' title='bbox 313 3784 408 3842; x_wconf 84' lang='lat' dir='ltr'>Daesii)</span> <span class='ocrx_word' id='word_1_389' title='bbox 422 3803 454 3826; x_wconf 93' lang='lat'>=</span> <span class='ocrx_word' id='word_1_390' title='bbox 466 3799 490 3833; x_wconf 90' lang='lat' dir='ltr'>u.</span> <span class='ocrx_word' id='word_1_391' title='bbox 504 3798 525 3832; x_wconf 90' lang='lat' dir='ltr'>c.</span> <span class='ocrx_word' id='word_1_392' title='bbox 539 3781 630 3850; x_wconf 64' lang='grc'>126111</span> <span class='ocrx_word' id='word_1_393' title='bbox 649 3782 692 3832; x_wconf 85' lang='lat' dir='ltr'>sed</span> <span class='ocrx_word' id='word_1_394' title='bbox 711 3790 792 3833; x_wconf 88' lang='lat' dir='ltr'>tamen</span> <span class='ocrx_word' id='word_1_395' title='bbox 811 3782 929 3834; x_wconf 87' lang='lat' dir='ltr'>Phraatis</span> <span class='ocrx_word' id='word_1_396' title='bbox 948 3799 1044 3849; x_wconf 89' lang='lat' dir='ltr'>quoque</span> <span class='ocrx_word' id='word_1_397' title='bbox 1063 3783 1157 3834; x_wconf 89' lang='lat' dir='ltr'>nummi</span> <span class='ocrx_word' id='word_1_398' title='bbox 1174 3784 1217 3849; x_wconf 92' lang='lat' dir='ltr'>qui</span> <span class='ocrx_word' id='word_1_399' title='bbox 1230 3786 1369 3836; x_wconf 85' lang='lat' dir='ltr'>creduntur</span> <span class='ocrx_word' id='word_1_400' title='bbox 1380 3799 1437 3834; x_wconf 87' lang='lat' dir='ltr'>esse</span> <span class='ocrx_word' id='word_1_401' title='bbox 1450 3783 1615 3850; x_wconf 89' lang='lat' dir='ltr'>reperiuntur</span> 
     </span>
     <span class='ocr_line' id='line_1_35' title="bbox 263 3869 1616 3936; baseline -0.001 -15"><span class='ocrx_word' id='word_1_402' title='bbox 263 3873 333 3922; x_wconf 86' lang='lat' dir='ltr'>inter</span> <span class='ocrx_word' id='word_1_403' title='bbox 354 3871 454 3919; x_wconf 87' lang='lat' dir='ltr'>eosdem</span> <span class='ocrx_word' id='word_1_404' title='bbox 476 3871 601 3920; x_wconf 87' lang='lat' dir='ltr'>terminos</span> <span class='ocrx_word' id='word_1_405' title='bbox 624 3870 688 3921; x_wconf 88' lang='lat' dir='ltr'>ensi.</span> <span class='ocrx_word' id='word_1_406' title='bbox 723 3869 809 3921; x_wconf 78' lang='lat' dir='ltr'>Aliter</span> <span class='ocrx_word' id='word_1_407' title='bbox 826 3870 1026 3936; x_wconf 87' lang='lat' dir='ltr'>Longperierias</span> <span class='ocrx_word' id='word_1_408' title='bbox 1052 3870 1196 3932; x_wconf 70' lang='lat' dir='ltr'>(mernoires</span> <span class='ocrx_word' id='word_1_409' title='bbox 1217 3886 1263 3923; x_wconf 81' lang='lat' dir='ltr'>aar·</span> <span class='ocrx_word' id='word_1_410' title='bbox 1281 3869 1305 3918; x_wconf 86' lang='lat' dir='ltr'>la</span> <span class='ocrx_word' id='word_1_411' title='bbox 1323 3869 1546 3935; x_wconf 71' lang='lat' dir='ltr'>chronologicam</span> <span class='ocrx_word' id='word_1_412' title='bbox 1562 3871 1616 3919; x_wconf 78' lang='lat' dir='ltr'>raia</span> 
     </span>
     <span class='ocr_line' id='line_1_36' title="bbox 264 3952 1616 4024; baseline -0.001 -16"><span class='ocrx_word' id='word_1_413' title='bbox 264 3958 372 4009; x_wconf 82' lang='lat' dir='ltr'>Parthea</span> <span class='ocrx_word' id='word_1_414' title='bbox 389 3952 527 4007; x_wconf 76' lang='lat' dir='ltr'>Arsacides</span> <span class='ocrx_word' id='word_1_415' title='bbox 545 3974 567 4022; x_wconf 95' lang='lat' dir='ltr'>p.</span> <span class='ocrx_word' id='word_1_416' title='bbox 585 3957 617 4006; x_wconf 78' lang='lat' dir='ltr'>bl</span> <span class='ocrx_word' id='word_1_417' title='bbox 630 3958 693 4023; x_wconf 88' lang='lat' dir='ltr'>seq.)</span> <span class='ocrx_word' id='word_1_418' title='bbox 716 3971 827 4007; x_wconf 85' lang='lat' dir='ltr'>nummos</span> <span class='ocrx_word' id='word_1_419' title='bbox 844 3957 959 4019; x_wconf 88' lang='lat' dir='ltr'>ordinat,</span> <span class='ocrx_word' id='word_1_420' title='bbox 981 3957 1095 4006; x_wconf 88' lang='lat' dir='ltr'>iudicans</span> <span class='ocrx_word' id='word_1_421' title='bbox 1114 3959 1182 4006; x_wconf 92' lang='lat' dir='ltr'>cerni</span> <span class='ocrx_word' id='word_1_422' title='bbox 1200 3957 1226 4008; x_wconf 94' lang='lat' dir='ltr'>in</span> <span class='ocrx_word' id='word_1_423' title='bbox 1246 3957 1279 4008; x_wconf 88' lang='lat' dir='ltr'>iis</span> <span class='ocrx_word' id='word_1_424' title='bbox 1296 3972 1319 4007; x_wconf 90' lang='lat' dir='ltr'>a.</span> <span class='ocrx_word' id='word_1_425' title='bbox 1338 3957 1387 4007; x_wconf 87' lang='grc'>216</span> <span class='ocrx_word' id='word_1_426' title='bbox 1405 3979 1439 3997; x_wconf 92' lang='lat'>=</span> <span class='ocrx_word' id='word_1_427' title='bbox 1457 3973 1480 4006; x_wconf 90' lang='lat' dir='ltr'>u.</span> <span class='ocrx_word' id='word_1_428' title='bbox 1500 3973 1521 4006; x_wconf 92' lang='lat' dir='ltr'>c.</span> <span class='ocrx_word' id='word_1_429' title='bbox 1538 3953 1616 4024; x_wconf 79' lang='grc'>11118</span> 
     </span>
     <span class='ocr_line' id='line_1_37' title="bbox 265 4040 1616 4110; baseline -0.001 -15"><span class='ocrx_word' id='word_1_430' title='bbox 265 4053 340 4110; x_wconf 84' lang='lat' dir='ltr'>eaput</span> <span class='ocrx_word' id='word_1_431' title='bbox 350 4042 478 4106; x_wconf 85' lang='lat' dir='ltr'>Phraatis,</span> <span class='ocrx_word' id='word_1_432' title='bbox 496 4060 518 4093; x_wconf 89' lang='lat' dir='ltr'>a.</span> <span class='ocrx_word' id='word_1_433' title='bbox 532 4044 581 4093; x_wconf 88' lang='grc'>210</span> <span class='ocrx_word' id='word_1_434' title='bbox 599 4065 633 4084; x_wconf 94' lang='lat'><strong><em>=</em></strong></span> <span class='ocrx_word' id='word_1_435' title='bbox 646 4060 669 4092; x_wconf 91' lang='lat' dir='ltr'>n.</span> <span class='ocrx_word' id='word_1_436' title='bbox 682 4059 704 4093; x_wconf 89' lang='lat' dir='ltr'>e.</span> <span class='ocrx_word' id='word_1_437' title='bbox 718 4045 794 4102; x_wconf 87' lang='grc'>12011</span> <span class='ocrx_word' id='word_1_438' title='bbox 808 4040 940 4106; x_wconf 86' lang='lat' dir='ltr'>Tiridatis,</span> <span class='ocrx_word' id='word_1_439' title='bbox 959 4059 980 4093; x_wconf 89' lang='lat' dir='ltr'>a.</span> <span class='ocrx_word' id='word_1_440' title='bbox 994 4042 1043 4092; x_wconf 90' lang='grc'>280</span> <span class='ocrx_word' id='word_1_441' title='bbox 1055 4065 1088 4084; x_wconf 83' lang='lat'><em>=</em></span> <span class='ocrx_word' id='word_1_442' title='bbox 1101 4059 1124 4092; x_wconf 92' lang='lat' dir='ltr'>u.</span> <span class='ocrx_word' id='word_1_443' title='bbox 1142 4059 1164 4093; x_wconf 88' lang='lat' dir='ltr'>c.</span> <span class='ocrx_word' id='word_1_444' title='bbox 1178 4041 1254 4110; x_wconf 77' lang='grc'>12112</span> <span class='ocrx_word' id='word_1_445' title='bbox 1272 4057 1361 4092; x_wconf 87' lang='lat' dir='ltr'>rursus</span> <span class='ocrx_word' id='word_1_446' title='bbox 1374 4040 1500 4102; x_wconf 85' lang='lat' dir='ltr'>Phraatis,</span> <span class='ocrx_word' id='word_1_447' title='bbox 1518 4058 1542 4093; x_wconf 84' lang='lat' dir='ltr'>a.</span> <span class='ocrx_word' id='word_1_448' title='bbox 1556 4043 1616 4094; x_wconf 85' lang='grc'>285.</span> 
     </span>
     <span class='ocr_line' id='line_1_38' title="bbox 265 4126 1615 4191; baseline -0.001 -10"><span class='ocrx_word' id='word_1_449' title='bbox 265 4131 314 4181; x_wconf 87' lang='grc'>286</span> <span class='ocrx_word' id='word_1_450' title='bbox 324 4153 358 4171; x_wconf 93' lang='lat'><strong><em>=</em></strong></span> <span class='ocrx_word' id='word_1_451' title='bbox 370 4147 394 4179; x_wconf 87' lang='grc' dir='ltr'>ιι.</span> <span class='ocrx_word' id='word_1_452' title='bbox 407 4147 429 4181; x_wconf 90' lang='lat' dir='ltr'>c.</span> <span class='ocrx_word' id='word_1_453' title='bbox 443 4129 521 4188; x_wconf 89' lang='grc'>12618</span> <span class='ocrx_word' id='word_1_454' title='bbox 540 4131 633 4180; x_wconf 90' lang='lat' dir='ltr'>iterum</span> <span class='ocrx_word' id='word_1_455' title='bbox 646 4127 781 4191; x_wconf 86' lang='lat' dir='ltr'>Tiridatis,</span> <span class='ocrx_word' id='word_1_456' title='bbox 798 4143 821 4178; x_wconf 91' lang='lat' dir='ltr'>a.</span> <span class='ocrx_word' id='word_1_457' title='bbox 835 4128 884 4178; x_wconf 89' lang='grc'>281</span> <span class='ocrx_word' id='word_1_458' title='bbox 896 4150 929 4168; x_wconf 88' lang='lat'><em>=</em></span> <span class='ocrx_word' id='word_1_459' title='bbox 942 4145 965 4176; x_wconf 92' lang='lat' dir='ltr'>u.</span> <span class='ocrx_word' id='word_1_460' title='bbox 980 4145 1001 4177; x_wconf 91' lang='lat' dir='ltr'>c.</span> <span class='ocrx_word' id='word_1_461' title='bbox 1015 4127 1093 4191; x_wconf 86' lang='grc'>12819</span> <span class='ocrx_word' id='word_1_462' title='bbox 1112 4130 1192 4179; x_wconf 88' lang='lat' dir='ltr'>denuo</span> <span class='ocrx_word' id='word_1_463' title='bbox 1207 4129 1331 4179; x_wconf 85' lang='lat' dir='ltr'>Phraatis.</span> <span class='ocrx_word' id='word_1_464' title='bbox 1350 4126 1376 4177; x_wconf 93' lang='lat' dir='ltr'>ln</span> <span class='ocrx_word' id='word_1_465' title='bbox 1390 4143 1475 4178; x_wconf 88' lang='lat' dir='ltr'>reram</span> <span class='ocrx_word' id='word_1_466' title='bbox 1494 4129 1615 4179; x_wconf 86' lang='lat' dir='ltr'>memoria</span> 
     </span>
     <span class='ocr_line' id='line_1_39' title="bbox 266 4213 1615 4282; baseline -0.002 -16"><span class='ocrx_word' id='word_1_467' title='bbox 266 4235 314 4268; x_wconf 90' lang='lat' dir='ltr'>non</span> <span class='ocrx_word' id='word_1_468' title='bbox 337 4216 469 4268; x_wconf 86' lang='lat' dir='ltr'>invenitur</span> <span class='ocrx_word' id='word_1_469' title='bbox 491 4217 555 4282; x_wconf 90' lang='lat' dir='ltr'>qaod</span> <span class='ocrx_word' id='word_1_470' title='bbox 578 4216 710 4282; x_wconf 86' lang='lat' dir='ltr'>impediat,</span> <span class='ocrx_word' id='word_1_471' title='bbox 737 4215 868 4280; x_wconf 83' lang='lat' dir='ltr'>qnomirnm</span> <span class='ocrx_word' id='word_1_472' title='bbox 891 4229 1034 4265; x_wconf 90' lang='lat' dir='ltr'>nummosa</span> <span class='ocrx_word' id='word_1_473' title='bbox 1057 4214 1166 4266; x_wconf 89' lang='lat' dir='ltr'>Phraata</span> <span class='ocrx_word' id='word_1_474' title='bbox 1188 4215 1299 4279; x_wconf 90' lang='lat' dir='ltr'>alienas,</span> <span class='ocrx_word' id='word_1_475' title='bbox 1328 4213 1372 4264; x_wconf 91' lang='lat' dir='ltr'>sed</span> <span class='ocrx_word' id='word_1_476' title='bbox 1394 4230 1439 4280; x_wconf 91' lang='lat' dir='ltr'>per</span> <span class='ocrx_word' id='word_1_477' title='bbox 1463 4216 1537 4276; x_wconf 81' lang='lat' dir='ltr'>regni</span> <span class='ocrx_word' id='word_1_478' title='bbox 1560 4215 1615 4265; x_wconf 87' lang='lat' dir='ltr'>eius</span> 
     </span>
     <span class='ocr_line' id='line_1_40' title="bbox 265 4300 1616 4369; baseline -0.004 -14"><span class='ocrx_word' id='word_1_479' title='bbox 265 4311 378 4369; x_wconf 89' lang='lat' dir='ltr'>tempora</span> <span class='ocrx_word' id='word_1_480' title='bbox 401 4319 476 4354; x_wconf 86' lang='lat' dir='ltr'>cusos</span> <span class='ocrx_word' id='word_1_481' title='bbox 493 4303 524 4352; x_wconf 88' lang='lat' dir='ltr'>ad</span> <span class='ocrx_word' id='word_1_482' title='bbox 539 4301 680 4352; x_wconf 87' lang='lat' dir='ltr'>Tiridatem</span> <span class='ocrx_word' id='word_1_483' title='bbox 698 4300 851 4362; x_wconf 77' lang='lat' dir='ltr'>referamus,</span> <span class='ocrx_word' id='word_1_484' title='bbox 873 4308 901 4351; x_wconf 88' lang='lat' dir='ltr'>et</span> <span class='ocrx_word' id='word_1_485' title='bbox 918 4309 1024 4367; x_wconf 87' lang='lat' dir='ltr'>possunt</span> <span class='ocrx_word' id='word_1_486' title='bbox 1042 4317 1101 4351; x_wconf 89' lang='lat' dir='ltr'>sane</span> <span class='ocrx_word' id='word_1_487' title='bbox 1119 4317 1164 4366; x_wconf 89' lang='lat' dir='ltr'>per</span> <span class='ocrx_word' id='word_1_488' title='bbox 1175 4301 1220 4352; x_wconf 88' lang='lat' dir='ltr'>hos</span> <span class='ocrx_word' id='word_1_489' title='bbox 1238 4315 1317 4352; x_wconf 88' lang='lat' dir='ltr'>anuos</span> <span class='ocrx_word' id='word_1_490' title='bbox 1339 4300 1380 4351; x_wconf 86' lang='lat' dir='ltr'>rel</span> <span class='ocrx_word' id='word_1_491' title='bbox 1394 4301 1480 4354; x_wconf 87' lang='lat' dir='ltr'>eodem</span> <span class='ocrx_word' id='word_1_492' title='bbox 1494 4308 1616 4367; x_wconf 89' lang='lat' dir='ltr'>tempore,</span> 
     </span>
     <span class='ocr_line' id='line_1_41' title="bbox 265 4387 1616 4454; baseline -0.002 -14"><span class='ocrx_word' id='word_1_493' title='bbox 265 4390 293 4440; x_wconf 90' lang='lat' dir='ltr'>in</span> <span class='ocrx_word' id='word_1_494' title='bbox 310 4389 422 4440; x_wconf 86' lang='lat' dir='ltr'>diversis</span> <span class='ocrx_word' id='word_1_495' title='bbox 440 4388 543 4439; x_wconf 87' lang='lat' dir='ltr'>scilicet</span> <span class='ocrx_word' id='word_1_496' title='bbox 561 4389 632 4451; x_wconf 86' lang='lat' dir='ltr'>regni</span> <span class='ocrx_word' id='word_1_497' title='bbox 650 4389 775 4454; x_wconf 90' lang='lat' dir='ltr'>partibus,</span> <span class='ocrx_word' id='word_1_498' title='bbox 793 4388 841 4436; x_wconf 89' lang='lat' dir='ltr'>duo</span> <span class='ocrx_word' id='word_1_499' title='bbox 860 4403 935 4451; x_wconf 85' lang='lat' dir='ltr'>reges</span> <span class='ocrx_word' id='word_1_500' title='bbox 953 4395 1081 4438; x_wconf 85' lang='lat' dir='ltr'>certantes</span> <span class='ocrx_word' id='word_1_501' title='bbox 1100 4403 1211 4438; x_wconf 87' lang='lat' dir='ltr'>nummos</span> <span class='ocrx_word' id='word_1_502' title='bbox 1229 4387 1338 4438; x_wconf 84' lang='lat' dir='ltr'>audisse.</span> <span class='ocrx_word' id='word_1_503' title='bbox 1359 4387 1407 4438; x_wconf 86' lang='lat' dir='ltr'>Sed</span> <span class='ocrx_word' id='word_1_504' title='bbox 1421 4402 1494 4452; x_wconf 87' lang='lat' dir='ltr'>quam</span> <span class='ocrx_word' id='word_1_505' title='bbox 1507 4388 1616 4438; x_wconf 84' lang='lat' dir='ltr'>incertis</span> 
     </span>
     <span class='ocr_line' id='line_1_42' title="bbox 266 4471 1614 4540; baseline -0.002 -14"><span class='ocrx_word' id='word_1_506' title='bbox 266 4473 435 4526; x_wconf 80' lang='lat' dir='ltr'>fundamentis</span> <span class='ocrx_word' id='word_1_507' title='bbox 462 4475 624 4525; x_wconf 87' lang='lat' dir='ltr'>coniecturae</span> <span class='ocrx_word' id='word_1_508' title='bbox 647 4474 708 4524; x_wconf 88' lang='lat' dir='ltr'>illae</span> <span class='ocrx_word' id='word_1_509' title='bbox 732 4474 861 4537; x_wconf 91' lang='lat' dir='ltr'>nitantur,</span> <span class='ocrx_word' id='word_1_510' title='bbox 887 4474 942 4540; x_wconf 87' lang='lat' dir='ltr'>ipsa</span> <span class='ocrx_word' id='word_1_511' title='bbox 965 4489 1050 4524; x_wconf 88' lang='lat' dir='ltr'>eurum</span> <span class='ocrx_word' id='word_1_512' title='bbox 1072 4474 1211 4524; x_wconf 84' lang='lat' dir='ltr'>diversitas</span> <span class='ocrx_word' id='word_1_513' title='bbox 1233 4475 1298 4524; x_wconf 88' lang='lat' dir='ltr'>satis</span> <span class='ocrx_word' id='word_1_514' title='bbox 1319 4473 1442 4523; x_wconf 87' lang='lat' dir='ltr'>declarat.</span> <span class='ocrx_word' id='word_1_515' title='bbox 1477 4471 1503 4523; x_wconf 89' lang='lat' dir='ltr'>la</span> <span class='ocrx_word' id='word_1_516' title='bbox 1527 4480 1614 4523; x_wconf 88' lang='lat' dir='ltr'>nostra</span> 
     </span>
     <span class='ocr_line' id='line_1_43' title="bbox 267 4559 1615 4627; baseline -0.001 -15"><span class='ocrx_word' id='word_1_517' title='bbox 267 4578 353 4612; x_wconf 89' lang='lat' dir='ltr'>musea</span> <span class='ocrx_word' id='word_1_518' title='bbox 372 4562 414 4627; x_wconf 91' lang='lat' dir='ltr'>qui</span> <span class='ocrx_word' id='word_1_519' title='bbox 430 4561 600 4612; x_wconf 84' lang='lat' dir='ltr'>adservantur</span> <span class='ocrx_word' id='word_1_520' title='bbox 618 4562 706 4611; x_wconf 91' lang='lat' dir='ltr'>horum</span> <span class='ocrx_word' id='word_1_521' title='bbox 724 4575 847 4611; x_wconf 90' lang='lat' dir='ltr'>annorum</span> <span class='ocrx_word' id='word_1_522' title='bbox 865 4561 970 4623; x_wconf 90' lang='lat' dir='ltr'>nummi,</span> <span class='ocrx_word' id='word_1_523' title='bbox 992 4561 1093 4612; x_wconf 89' lang='lat' dir='ltr'>scilicet</span> <span class='ocrx_word' id='word_1_524' title='bbox 1110 4559 1274 4610; x_wconf 74' lang='lat' dir='ltr'>attalae.</span> <span class='ocrx_word' id='word_1_525' title='bbox 1294 4560 1341 4610; x_wconf 88' lang='grc'>281</span> <span class='ocrx_word' id='word_1_526' title='bbox 1361 4559 1455 4625; x_wconf 88' lang='lat' dir='ltr'>aliique</span> <span class='ocrx_word' id='word_1_527' title='bbox 1473 4559 1615 4626; x_wconf 85' lang='lat' dir='ltr'>complures</span> 
     </span>
     <span class='ocr_line' id='line_1_44' title="bbox 267 4645 1615 4713; baseline -0.001 -14"><span class='ocrx_word' id='word_1_528' title='bbox 267 4665 322 4700; x_wconf 89' lang='lat' dir='ltr'>cam</span> <span class='ocrx_word' id='word_1_529' title='bbox 340 4649 398 4698; x_wconf 91' lang='lat' dir='ltr'>anni</span> <span class='ocrx_word' id='word_1_530' title='bbox 416 4655 475 4699; x_wconf 91' lang='lat' dir='ltr'>nata</span> <span class='ocrx_word' id='word_1_531' title='bbox 494 4648 644 4699; x_wconf 87' lang='lat' dir='ltr'>oblitterata</span> <span class='ocrx_word' id='word_1_532' title='bbox 663 4655 708 4697; x_wconf 88' lang='lat' dir='ltr'>aut</span> <span class='ocrx_word' id='word_1_533' title='bbox 724 4661 752 4697; x_wconf 89' lang='lat' dir='ltr'>ea</span> <span class='ocrx_word' id='word_1_534' title='bbox 766 4645 893 4710; x_wconf 88' lang='lat' dir='ltr'>destituti,</span> <span class='ocrx_word' id='word_1_535' title='bbox 911 4661 984 4696; x_wconf 89' lang='lat' dir='ltr'>unam</span> <span class='ocrx_word' id='word_1_536' title='bbox 997 4648 1077 4698; x_wconf 90' lang='lat' dir='ltr'>solam</span> <span class='ocrx_word' id='word_1_537' title='bbox 1089 4645 1180 4697; x_wconf 82' lang='lat' dir='ltr'>faciem</span> <span class='ocrx_word' id='word_1_538' title='bbox 1193 4660 1277 4696; x_wconf 88' lang='lat' dir='ltr'>ornnes</span> <span class='ocrx_word' id='word_1_539' title='bbox 1291 4645 1410 4696; x_wconf 87' lang='lat' dir='ltr'>videntur</span> <span class='ocrx_word' id='word_1_540' title='bbox 1421 4646 1523 4713; x_wconf 84' lang='lat' dir='ltr'>habere,</span> <span class='ocrx_word' id='word_1_541' title='bbox 1541 4647 1615 4698; x_wconf 89' lang='lat' dir='ltr'>nimi·</span> 
     </span>
     <span class='ocr_line' id='line_1_45' title="bbox 267 4733 465 4786; baseline -0.01 -1"><span class='ocrx_word' id='word_1_542' title='bbox 267 4752 322 4786; x_wconf 89' lang='lat' dir='ltr'>rum</span> <span class='ocrx_word' id='word_1_543' title='bbox 340 4733 465 4785; x_wconf 90' lang='lat' dir='ltr'>Phraatis.</span> 
     </span>
    </p>
   </div>
   <div class='ocr_carea' id='block_1_4' title="bbox 0 0 1790 5417">
    <p class='ocr_par' dir='ltr' id='par_1_4' title="bbox 0 0 1790 5417">
     <span class='ocr_line' id='line_1_46' title="bbox 0 0 1790 5417; baseline 0 0"><span class='ocrx_word' id='word_1_544' title='bbox 0 0 1790 5417; x_wconf 95' lang='lat' dir='ltr'> </span> 
     </span>
    </p>
   </div>
  </div>
 </body>
</html>
