3525 5417
733 350 767 419 V,
786 352 890 408 24-31
1427 351 1489 416 113

137 538 294 599 bmseaem
319 537 393 616 repis
414 533 583 596 Arteeeedr's
604 531 715 612 lilium,
740 535 815 612 repis
835 531 1042 594 Ariobarzanis
1064 538 1199 609 repetem.
1244 529 1409 592 Potuerunt
1432 529 1490 592 uti-

136 657 195 720 que
220 637 297 700 bledi
322 635 457 699 factionis
478 636 641 709 Romanae,
668 633 780 696 scilicet
809 633 916 696 infensi
937 631 1054 696 Parthis
1076 651 1237 714 eorumque
1259 632 1358 695 clienti
1380 633 1489 708 Artaxi,

135 753 222 803 antea
254 750 372 803 mortue
402 758 470 819 rege
497 737 629 818 legitimo
655 737 827 811 Artavasde,
854 737 1005 817 quemad
1033 737 1199 814 Augustum
1226 734 1353 798 vidimus
1386 739 1491 800 eomu-

136 844 215 925 gisse
241 853 272 907 et
291 844 402 905 Romae
423 842 502 904 diem
524 841 640 915 obiisse,
663 841 756 904 tilium
779 841 842 902 eius
864 841 973 922 pariter
994 839 1104 902 Romae
1126 840 1278 919 degentem
1300 839 1337 900 ab
1358 839 1491 919 Augusto

135 956 289 1029 expetere;
310 965 379 1009 rere
400 954 498 1007 emen
522 963 590 1007 enm
613 963 703 1025 regno
725 953 846 1026 paterno
862 945 989 1027 potitum
1004 962 1069 1006 esse
1084 962 1137 1025 per
1151 941 1365 1024 expeditionem
1381 942 1491 1006 Roma-

135 1070 244 1113 norum
266 1050 468 1112 Armeniacam
490 1067 516 1108 a.
533 1045 596 1108 734
617 1047 765 1128 probabile
787 1058 841 1111 est

237 1152 295 1215 Nec
319 1153 442 1234 Τιἠιονά,
465 1149 583 1212 Tacitus
604 1151 645 1213 ait
666 1152 747 1232 (ann.
763 1152 793 1228 2,
809 1153 851 1232 3),
874 1155 1046 1216 diuturnum
1058 1151 1492 1232 repetentesrepetentes

135 1263 213 1331 σιἰσ,
235 1275 407 1338 peremptam
427 1257 540 1317 sectere
560 1272 640 1317 mere
662 1265 779 1318 ceterae
798 1261 830 1319 te
849 1261 1066 1319 memmemum
1087 1273 1270 1336 raparumque.
1308 1253 1405 1316 liberi
1428 1254 1491 1318 sine

135 1362 227 1425 dubie
248 1362 270 1423 ii
292 1369 363 1422 snut
383 1376 511 1439 querum
533 1366 634 1420 extant
652 1359 769 1422 nummi
788 1359 923 1441 inseripti
937 1361 973 1422 ab
989 1379 1047 1422 una
1062 1367 1144 1440 parte
1158 1355 1313 1440 βασιλεὺς
1328 1355 1492 1439 βασιλέων

139 1463 325 1550 Τιγράνης,
356 1463 394 1525 ab
415 1463 505 1525 altera
522 1456 646 1544 Ἐρατώ
669 1461 833 1542 βασιλέως
859 1459 1023 1546 Τιγράνου
1045 1458 1214 1546 adolff).
1259 1461 1317 1523 Eos
1338 1461 1490 1524 institutes

134 1590 201 1633 esse
220 1590 237 1631 a
257 1568 382 1632 factione
396 1565 531 1628 Parthica
550 1564 694 1645 signifieat
707 1565 762 1628 [tie
777 1566 841 1646 (55,
854 1567 874 1629 9
894 1585 961 1629 curn
976 1568 1180 1648 supplemento
1195 1575 1315 1647 sumpto
1329 1585 1365 1628 ex
1381 1565 1491 1628 Zonara

137 1675 188 1748 10,
204 1673 272 1752 35);
298 1669 356 1755 την
379 1665 552 1753 Ἀρμενίαν
577 1664 853 1753 άλλστρισυμένην
879 1668 962 1752 μετὰ
982 1671 1041 1734 τὸν
1061 1669 1119 1734 τοῦ
1146 1667 1309 1753 Τιγράνου
1331 1665 1490 1734 θάνατον.

133 1780 159 1840 t
189 1776 317 1839 teodone
343 1769 474 1836 Romana
502 1773 538 1834 iis
565 1772 733 1854 oppositum
763 1791 828 1834 esse
859 1772 1048 1835 Artavasdem
1074 1774 1192 1836 Tacitus
1214 1774 1232 1835 l.
1248 1793 1273 1835 e.
1297 1773 1352 1847 ait,
1381 1773 1490 1836 addens
1579 1817 1582 1825 ·

134 1899 206 1944 enm
236 1880 272 1942 ab
294 1879 426 1959 Augusto
453 1894 574 1956 regnare
600 1876 715 1938 iussum
745 1875 890 1939 deiectum
918 1895 982 1938 esse
1004 1896 1064 1940 nen
1085 1877 1148 1939 sine
1170 1877 1250 1940 clade
1271 1876 1491 1952 Romanorum

134 2004 226 2066 qnam
249 1984 287 2045 ob
308 2001 427 2045 causam
442 1981 592 2059 Angustus
613 1979 645 2040 in
666 1978 763 2042 indice
784 1999 853 2042 eum
875 1979 1035 2062 praeteriit.
1066 1979 1166 2042 Genus
1187 1979 1251 2041 eius
1273 1998 1341 2041 enm
1356 1988 1491 2042 auctores

133 2107 195 2151 nen
224 2083 430 2168 significent¹),
458 2102 519 2146 non
540 2083 604 2146 sine
625 2082 827 2163 probabilitate
849 2083 946 2164 aliqua
968 2083 1092 2147 coniecit
1112 2083 1304 2166 Nipperdeius
1327 2083 1375 2163 (ad
1398 2083 1490 2146 Taciti

134 2212 205 2254 ann.
223 2191 253 2266 2,
265 2191 298 2266 3)
320 2192 442 2251 fratrem
465 2206 534 2250 enm
556 2186 647 2250 luisse
661 2188 777 2250 Artanis
799 2197 830 2250 et
844 2187 977 2268 Tigranis
1000 2188 1128 2251 liliorum
1149 2189 1326 2263 Artavasdis,
1349 2187 1489 2268 quoniam

133 2295 190 2358 llio
212 2295 263 2368 51,
287 2294 327 2356 16
353 2290 456 2354 scribit
481 2291 647 2371 Augustum
676 2310 702 2354 a.
726 2291 789 2354 724
818 2292 918 2354 Artori
950 2293 1062 2374 petenti
1097 2296 1202 2354 iratres
1229 2310 1288 2353 non
1318 2291 1489 2355 reddidisse.

133 2400 178 2462 lta
202 2416 271 2461 cnm
291 2395 431 2460 mmenia
453 2394 631 2458 allemanie
654 2395 833 2470 descivisset,
856 2396 1006 2477 Augustus
1029 2416 1054 2458 a.
1079 2395 1140 2457 748
1156 2395 1306 2457 Tiberium
1329 2395 1491 2477 expeditio·

133 2522 204 2565 nem
227 2521 263 2563 ee
284 2501 433 2582 suscipere
455 2497 550 2573 iussit,
573 2499 624 2561 sed
647 2499 674 2561 is
696 2519 731 2562 ee
752 2501 795 2562 ire
817 2500 913 2563 noluit
934 2510 964 2563 et
984 2519 1084 2563 rerum
1107 2498 1392 2562 administrationem
1407 2501 1492 2562 dese-

133 2625 204 2668 rens
227 2605 330 2668 urbem
352 2603 470 2684 reliquit
490 2602 630 2684 (Velleius
644 2603 674 2678 2,
692 2605 768 2666 110:
790 2609 876 2666 sensit
897 2614 1045 2667 terrorum
1067 2604 1143 2666 orbis
1165 2603 1316 2666 elesmaram
1330 2623 1350 2665 o
1364 2605 1492 2666 custodie

133 2711 283 2773 Neronem
303 2710 400 2784 erbb3
421 2727 490 2770 eom
512 2713 540 2770 et
561 2707 684 2770 Parthus
706 2708 856 2771 άσισσσσπσ
878 2727 898 2769 o
918 2713 1047 2772 sometote
1068 2707 1201 2770 nemaeo
1223 2709 1325 2771 aseae
1345 2707 1492 2771 eunome

132 2835 255 2879 οισιιυυι
276 2823 347 2889 oet.;
373 2813 427 2875 llio
450 2815 536 2888 55,9
558 2831 626 2875 eum
650 2811 761 2874 Zenera
785 2813 833 2887 10,
857 2811 921 2891 35).
964 2812 1008 2874 lta
1030 2814 1139 2874 tactum
1162 2819 1222 2886 est,
1251 2819 1285 2873 ut
1307 2829 1360 2891 per
1381 2811 1493 2891 aliquot

133 2939 229 2982 annos
251 2916 353 2979 Parthi
375 2919 407 2979 in
421 2916 560 2979 Armenia
582 2916 814 2978 dominarentur.
850 2915 884 2976 d.
909 2917 968 2978 751
993 2916 1038 2977 rel
1061 2915 1123 2977 752
1145 2923 1219 2977 teste
1241 2913 1369 2995 monet)
1389 2915 1491 2994 dugu-

133 3034 199 3086 stus
226 3020 333 3083 litteris
361 3039 378 3082 a
399 3019 558 3082 Phraatace
584 3037 653 3099 rege
674 3017 853 3078 Parthorum
875 3016 930 3079 sibi
958 3018 1057 3081 missis
1084 3017 1181 3081 hostili
1203 3017 1308 3100 spiritu
1331 3019 1491 3100 rescripsit,

134 3127 241 3189 iubens
263 3141 332 3186 eum
354 3123 492 3186 Armenia
513 3123 661 3185 excedere.
691 3120 842 3199 Tigranes,
863 3127 967 3183 auctor
988 3122 1092 3203 pergit,
1116 3131 1179 3184 tum
1196 3121 1315 3202 quidem
1331 3122 1440 3203 legatos
1455 3124 1492 3185 ad

131 3232 300 3310 Augentum
316 3227 412 3289 nullos
428 3227 518 3301 misit,
541 3228 593 3289 sed
608 3244 677 3288 mor
691 3223 849 3287 Artavasde
871 3224 920 3305 (ee
935 3224 1054 3301 scilieet,
1076 3243 1165 3305 quem
1181 3224 1328 3287 deiectum
1343 3244 1360 3286 a
1375 3225 1491 3288 Parthis

134 3332 254 3395 Tacitus
285 3330 339 3410 ait)
368 3330 473 3392 morbo
503 3330 660 3412 absumpto
686 3347 739 3409 per
763 3327 876 3390 litteras
898 3327 997 3409 petiit,
1028 3340 1062 3391 ut
1083 3328 1120 3390 ab
1142 3347 1176 3390 eo
1197 3347 1323 3408 regnum
1346 3329 1402 3390 sibi
1423 3348 1493 3411 per-

134 3435 317 3508 mitteretur,
345 3452 417 3515 quas
444 3434 556 3495 litteras
577 3435 727 3512 Augustus
756 3431 882 3494 libenter
903 3431 1014 3512 aceepit
1035 3451 1163 3512 eumque
1184 3431 1272 3494 iussit
1293 3430 1370 3495 beno
1393 3432 1491 3495 animo

134 3539 239 3602 Gaium
260 3546 329 3618 post
350 3537 413 3599 eius
435 3535 594 3599 adrentum
616 3535 746 3616 insyria
768 3534 848 3596 adire
871 3529 906 3615 (e‘
927 3532 966 3597 δὲ
987 3532 1028 3619 δη
1056 3531 1218 3619 Τιγράνης
1242 3529 1344 3609 εὐθὺς
1359 3533 1419 3618 μὲν
1434 3532 1492 3600 οὐκ

133 3636 397 3725 ἐπρεσβεύσατο,
419 3639 479 3703 τοῦ
501 3638 539 3703 δὲ
556 3635 757 3724 Ἀρταβάζου
784 3635 871 3725 νόσῳ
903 3632 1038 3724 ὕστερον
1063 3635 1315 3720 τελευτήσαντος
1341 3636 1432 3719 δῶρά
1457 3661 1493 3704 τε

132 3747 178 3829 τῷ
204 3739 386 3828 Αὐγούστῳ
413 3739 455 3817 οἷς
484 3743 539 3806 καὶ
566 3743 624 3806 τοῦ
652 3737 837 3807 ἀντιπάλου
865 3736 1111 3827 ὑπεξῃρημένων
1139 3740 1172 3806 οἳ
1199 3739 1347 3827 ἔπεμψε,
1375 3743 1493 3811 τὸτοῦ

233 3932 256 3999 ¹)
274 3929 397 3997 Langleis
418 3947 488 3983 nane.
506 3930 537 3983 de
553 3929 698 3984 l'Arrrrenr'e
714 3947 739 3998 p.
752 3931 793 3982 39.
829 3929 856 3981 ln
880 3946 979 3982 nummo
998 3931 1196 3984 Pinkerteniane
1215 3929 1310 3984 ibidem
1328 3931 1418 3995 citato,
1435 3937 1493 3997 post

133 4018 327 4072 Piakertenium
344 4025 429 4070 autem
446 4018 526 4070 adbuc
545 4019 639 4070 remini
656 4018 748 4084 opinor
765 4017 822 4070 vise
841 4017 907 4083 qnod
926 4033 982 4070 esse
1002 4018 1098 4070 dieitur
1120 4012 1243 4085 βασιλεὺς
1264 4018 1352 4086 μέγας
1370 4017 1428 4076 νέος
1449 4019 1492 4068 Τι-

133 4101 234 4176 γράνης
251 4112 280 4157 nt
298 4120 385 4156 verum
405 4120 462 4156 esse
480 4113 574 4172 potest,
591 4105 627 4156 ita
643 4107 730 4175 μέγας
746 4105 807 4163 νέος
822 4105 887 4157 male
907 4105 1000 4157 lectum
1018 4120 1075 4157 erse
1094 4121 1139 4172 pre
1157 4105 1299 4172 βασιλέων.

234 4193 255 4258 ‘t
273 4193 385 4244 Duorum
402 4207 489 4257 regum
507 4190 639 4242 bladorum
657 4192 713 4242 eins
731 4193 851 4258 nominis,
870 4208 974 4258 querum
987 4192 1118 4256 Augustus
1136 4191 1258 4255 meminit,
1276 4198 1366 4243 neuter
1383 4191 1492 4258 probeo

133 4278 271 4331 Armemae
294 4291 355 4342 rege
376 4277 465 4328 baberi
487 4285 585 4343 petest;
610 4292 665 4328 nam
687 4294 762 4331 arum
786 4287 975 4345 praemortuum
997 4293 1054 4330 asse
1071 4293 1148 4345 supra
1167 4277 1291 4343 vidimus,
1313 4293 1390 4343 aepos
1409 4285 1492 4330 autem

135 4377 279 4431 quemquem
297 4370 387 4428 postea
404 4362 430 4413 in
450 4363 570 4415 Armenia
587 4365 715 4430 regnarit,
734 4373 786 4416 tum
803 4366 827 4417 si
846 4367 878 4417 ad
896 4365 921 4417 id
940 4381 1044 4430 regnum
1057 4373 1165 4418 vocatus
1179 4371 1255 4430 esset,
1268 4363 1346 4417 Gaius
1364 4365 1424 4434 ipsi,
1443 4383 1492 4417 nen

136 4451 200 4516 patri
217 4451 273 4502 eins
292 4447 463 4501 Ariobarzani
481 4449 618 4503 Armeniae
636 4466 742 4516 regnum
760 4452 917 4505 tradidisset.

233 4537 256 4603 ⁸)
273 4536 405 4600 Legnntnr
428 4538 489 4589 baec
502 4537 537 4593 ¹in
561 4535 702 4602 fragmento
727 4541 758 4592 de
785 4542 834 4604 leg.
853 4541 886 4592 39
911 4539 984 4608 (apud
1003 4539 1142 4592 bekkerum
1160 4539 1176 4590 2
1193 4556 1217 4607 p.
1235 4539 1267 4592 83
1285 4538 1312 4590 in
1330 4546 1404 4602 nota,
1428 4540 1493 4605 apud

136 4623 292 4675 ltindorfium
310 4626 362 4676 vel.
375 4624 391 4674 5
403 4641 427 4692 p.
440 4624 515 4690 231),
538 4626 581 4677 nbi
599 4626 756 4692 praecedunt
773 4635 894 4695 excerpta
914 4643 946 4679 ex
964 4629 1011 4692 55,
1023 4629 1053 4691 6,
1070 4634 1210 4696 sequnntur
1228 4625 1384 4695 pertinentia
1402 4624 1433 4676 ud
1451 4627 1493 4690 61,

137 4709 162 4773 2,
172 4717 275 4786 propter
294 4709 373 4763 verba
391 4727 406 4762 a
424 4711 513 4778 quibus
531 4713 634 4780 incipit:
656 4709 849 4770 statuerem
873 4713 900 4764 ol
920 4707 1054 4780 βάρβαροι
1072 4708 1119 4778 τὴν
1137 4711 1392 4783 ἐπιστρατείαν-τσῦ
1412 4713 1493 4764 Γαίου

138 4797 311 4850 collocandum
329 4799 399 4851 ieter
416 4798 541 4866 reliquias
559 4808 703 4868 spectantes
721 4800 752 4853 ad
770 4817 794 4852 a.
807 4801 854 4852 ’15]
874 4801 917 4850 vel
935 4801 993 4851 152.

1313 4887 1329 4940 8
