3525 5417
784 819 958 897 OAPVT
985 819 1046 896 XI

296 1028 361 1071 aar.
378 1006 407 1079 3,
423 1025 448 1064 n
477 1005 481 1085 Ι
510 1002 608 1079 [Aram
634 1000 780 1064 Fortunae
808 981 1036 1062 redanimata?
1071 999 1166 1075 addes
1200 999 1326 1061 Honoris
1348 1008 1378 1061 et
1399 999 1522 1062 Virtutis
1556 1000 1596 1062 ad

423 1125 450 1166 eo
477 1115 591 1187 portam
612 1103 616 1188 Ι
637 1105 792 1186 [Capenam
811 1123 865 1184 pro
887 1104 983 1164 redita
1010 1121 1070 1163 rneo
1098 1103 1223 1179 soluitus
1253 1104 1442 1177 earrsaorarit,
1472 1103 1502 1164 in
1533 1123 1595 1182 qua

424 1231 448 1274 ar
477 1211 645 1291 pontiifioes
677 1221 703 1270 et
731 1212 855 1288 virgineo
882 1207 1002 1268 Vestales
1024 1207 1265 1282 anniversarium
1294 1207 1468 1269 sacrificium
1495 1210 1597 1268 facere

424 1334 451 1376 ar
480 1312 484 1391 Ι
509 1317 589 1391 [tanei
610 1314 662 1386 do’e,
684 1331 739 1393 qao
762 1311 925 1372 camertibus
948 1309 982 1381 Q.
997 1310 1139 1386 traniretio
1162 1319 1192 1371 et
1212 1310 1260 1387 [M.
1283 1311 1411 1386 Vinacilo
1433 1311 1463 1371 iu
1487 1311 1597 1370 arbem

424 1437 450 1478 aa
477 1437 513 1478 ex
542 1414 548 1495 Ι
578 1415 672 1494 [Syria
700 1415 777 1486 redi,
810 1425 835 1476 et
869 1414 944 1476 dion
977 1411 1152 1492 Aaqrtstniila
1185 1431 1220 1474 ex
1252 1414 1447 1494 [alemannica
1483 1415 1597 1490 nostlro

477 1517 640 1600 appellarit.
660 1516 665 1600 Ι

236 1646 282 1688 ea.
298 1628 402 1706 Aacyr.
419 1624 448 1697 6,
464 1643 476 1684 r
492 1621 585 1703 Apoll.
602 1620 632 1694 3,
649 1639 701 1680 o-s
720 1623 726 1698 Ι
751 1619 873 1703 Βωμὸν
901 1617 1006 1703 Τύχης
1028 1621 1195 1702 Σωτηρίου
1218 1615 1301 1702 ὑπὲρ
1324 1622 1378 1704 τῆς
1395 1619 1472 1705 ἐμῆς
1487 1619 1600 1682 ἐπαν-

401 1746 414 1788 o
441 1747 454 1788 o
481 1721 562 1788 ddoo
582 1721 586 1806 Ι
606 1717 692 1805 πρὸς
713 1725 752 1806 τῇ
773 1720 912 1806 Καπήνῃ
935 1720 1020 1806 πύλῃ
1039 1717 1056 1805 ἡ
1072 1719 1462 1808 adnotandaque·
1483 1722 1486 1807 Ι
1507 1723 1600 1805 πρὸς

429 1821 455 1890 ro
483 1821 509 1912 ᾦ
536 1825 612 1900 τούς
646 1823 744 1909 ἱερεῖς
774 1826 831 1888 καὶ
862 1825 921 1901 τὰς
958 1824 1079 1908 ἱερείας
1112 1823 1281 1893 ἐνιαύσιον
1310 1827 1447 1906 deiciant
1481 1837 1602 1890 ποιεῖν

429 1953 450 1993 ιι
481 1927 648 1994 ἐκέλευσεν
670 1928 705 1993 ἐν
727 1929 833 2014 ἐκείνῃ
855 1933 895 2019 τῇ
918 1923 1035 2015 ἡμέρᾳ,
1056 1931 1062 2014 Ι
1080 1932 1116 1996 ἐν
1137 1925 1157 2020 ᾗ
1179 1927 1320 2004 ὑπάτοις
1346 1933 1474 2012 Κοίντῳ
1500 1934 1599 1992 Λου-

428 2055 453 2096 12
479 2037 599 2117 κρηείῳ
623 2033 678 2095 καὶ
704 2032 855 2117 ΜάρκῳΙ
880 2029 1064 2118 Οὐινουκίῳ
1088 2035 1123 2097 ἐκ
1139 2037 1259 2114 Συρίας
1282 2035 1330 2107 εἷς
1343 2028 1467 2116 Ῥώμην
1488 2031 1599 2095 ἐπαν-

384 2159 410 2202 n
427 2159 451 2200 a
478 2136 702 2221 εληλύΙθειΙνΙ,
737 2136 797 2220 τήν
829 2161 864 2199 τε
898 2134 1021 2222 ἡμέραν
1053 2138 1088 2200 ἐκ
1116 2139 1172 2222 τῆς
1199 2133 1358 2220 ἡμετέρας
1393 2134 1600 2214 ἐπωνυΙμίας

486 2237 753 2325 προσηγόρευσεν
779 2237 1024 2319 Αὕγαυστάλια.
1045 2243 1048 2322 Ι

238 2376 300 2437 Lat.
323 2375 364 2436 29
388 2377 427 2436 ia.
450 2374 623 2435 exciderant
655 2373 797 2434 elementa
819 2393 844 2433 c.
865 2393 933 2448 xxv,
964 2374 1004 2435 30
1029 2373 1070 2434 iu.
1093 2394 1117 2435 c.
1133 2391 1212 2444 xxxv,
1244 2371 1282 2432 31
1307 2373 1348 2433 iu.
1369 2373 1409 2434 32
1433 2373 1471 2434 in.
1487 2392 1511 2435 c.
1528 2393 1599 2444 xxv,

238 2478 277 2540 33
300 2479 341 2539 in.
357 2498 382 2539 c.
399 2497 479 2549 xxxv,
513 2477 591 2538 iuter
620 2475 678 2546 ex!
689 2497 711 2538 0
741 2486 771 2539 et
798 2497 844 2539 ao
866 2495 956 2538 axa.
1001 2477 1045 2537 dd
1077 2497 1110 2538 ea
1143 2475 1235 2556 spatia
1262 2476 1465 2556 supplementa
1498 2480 1601 2538 retor-

237 2582 327 2656 mavi,
361 2601 539 2661 qaamqaam
578 2582 663 2644 auxie
699 2579 845 2641 eiusmodi
878 2579 1090 2640 dimensuratio
1123 2579 1197 2658 exigi
1236 2597 1331 2658 neque
1365 2580 1465 2641 debuit
1497 2599 1600 2660 neque

237 2687 360 2748 omuino
382 2685 493 2764 potuit3
521 2685 560 2746 ita
583 2704 609 2746 v.
626 2684 663 2745 31
688 2683 799 2745 inserui
822 2683 934 2744 litteras
957 2701 1033 2743 xxva
1056 2703 1108 2763 pro
1131 2704 1195 2745 xxv.
1219 2719 1261 2729 -
1284 2682 1325 2743 3o
1353 2685 1598 2764 supplementum

237 2792 316 2870 qaod
349 2789 442 2851 suasit
476 2788 686 2849 Hirschfeldias
718 2806 773 2867 pro
810 2787 950 2848 incolumi
983 2787 1078 2848 redita
1118 2789 1244 2869 spatium
1284 2789 1405 2851 excedit.
1454 2789 1600 2850 Perverse

238 2892 381 2973 Bergidae
410 2891 479 2953 haio
505 2891 603 2952 versui
632 2892 758 2953 inseruit
785 2909 824 2951 en·
844 2889 946 2969 Syrio,
976 2891 1079 2952 deinde
1106 2912 1132 2953 v.
1149 2893 1188 2954 33
1218 2893 1298 2955 dedit
1326 2913 1363 2954 en
1392 2898 1603 2955 transmarinis

234 3001 390 3078 ρταυὴιαϊε
421 3005 522 3057 contra
556 2994 828 3074 interpretationem
863 2995 1001 3056 Graecam
1036 3004 1065 3057 et
1101 2995 1181 3057 inani
1220 2997 1392 3077 repetitione
1426 2996 1601 3077 expulitque

238 3119 355 3162 comma
383 3119 421 3160 en
447 3103 561 3161 nornine
587 3110 700 3171 nostro,
727 3099 806 3178 qaod
833 3107 969 3160 nostram
998 3099 1236 3181 supplementum
1263 3102 1322 3162 iam
1352 3101 1426 3182 lapis
1452 3102 1492 3162 ita
1521 3117 1600 3162 con-

238 3203 375 3277 firmavit,
403 3211 436 3265 at
458 3204 627 3284 damnantia
654 3211 721 3263 aute
749 3201 779 3263 id
806 3203 940 3264 ostendat
971 3203 1113 3284 scriptam
1136 3207 1227 3267 faisse
1255 3214 1284 3267 et
1312 3209 1471 3286 cognomine
1492 3206 1601 3278 faisse,

239 3327 299 3368 nou
321 3311 443 3368 noman.

339 3411 425 3472 Facta
448 3419 519 3471 suat
540 3411 611 3471 haec
632 3428 657 3470 a.
675 3410 736 3470 735
760 3410 824 3470 Oct.
843 3409 891 3484 12,
915 3429 973 3489 qao
997 3421 1128 3491 tempore
1148 3415 1240 3473 fasces
1259 3421 1417 3476 teuaeruut
1432 3413 1466 3486 Q.
1484 3413 1601 3474 Lucra-

241 3515 299 3576 tias
321 3523 351 3575 et
373 3514 410 3575 Μ.
427 3514 576 3582 Viaucius,
599 3522 776 3594 apparetque
798 3513 866 3586 iam,
889 3513 974 3593 longe
996 3514 1079 3575 aliter
1099 3533 1132 3576 ao
1147 3515 1294 3595 prioribus
1309 3519 1404 3578 risam
1420 3525 1473 3589 est,
1498 3525 1599 3577 totam

240 3619 320 3679 hauc
351 3619 448 3680 locam
483 3627 614 3698 spectare
646 3619 682 3679 ad
713 3617 840 3678 honores
873 3617 1006 3678 decretos
1032 3618 1165 3696 Augusto
1191 3639 1226 3679 ex
1251 3619 1332 3700 Syria
1360 3630 1422 3681 tam
1450 3621 1601 3681 redeunti.

240 3722 420 3783 Testimonia
442 3723 478 3782 de
500 3741 533 3783 ea
555 3741 587 3781 re
609 3721 721 3800 reliqua
743 3721 863 3782 collecta
885 3720 942 3781 iam
966 3721 996 3781 C.
1012 3721 1033 3780 Ι.
1051 3721 1111 3781 L.1
1133 3742 1161 3802 p.
1178 3724 1240 3783 404
1262 3724 1318 3784 hoc
1338 3724 1402 3784 laco
1425 3723 1494 3784 duxi
1509 3741 1602 3802 repe-

241 3826 337 3886 tenda.
381 3825 459 3886 Fast.
481 3825 570 3886 dmit.
593 3825 628 3885 ad
652 3826 716 3886 Oct.
739 3824 791 3884 12:
822 3822 948 3903 Fer(ioc)
976 3843 1013 3885 en
1041 3825 1181 3905 situatas)
1209 3827 1378 3905 donando),
1410 3825 1509 3905 q(aod)
1537 3829 1602 3902 eto)

241 3929 313 4008 d(r'e)
334 3933 401 4009 imp.
420 3928 553 4008 Candor)
575 3928 742 4008 Arignotus)
764 3948 803 3990 en
824 3918 1051 4006 transmarinis]
1071 3929 1239 4008 prostrata)
1260 3931 1360 3992 andern
1374 3933 1501 4002 intrauit,
1523 3947 1603 3989 arn-

243 4032 322 4112 qtae)
338 4031 508 4112 Fort(unae)
523 4033 623 4094 radroa'
634 4036 821 4106 oonotitteaa).
848 4030 957 4092 Fetiale
973 4031 1057 4092 Cam.
1074 4032 1117 4106 (C.
1133 4031 1154 4090 1.
1172 4032 1204 4092 i..
1219 4033 1254 4105 X,
1279 4032 1374 4108 8375)
1397 4033 1432 4093 ad
1455 4032 1520 4092 Dec.
1541 4033 1600 4092 15:

242 4137 283 4198 ao
306 4136 350 4196 die
371 4136 448 4213 a[r]n
469 4136 614 4197 Fortnnoe
634 4136 748 4197 reducis
770 4136 932 4208 dedicated,
955 4154 1026 4216 qnae
1051 4135 1204 4196 Gaesarem
1224 4137 1272 4213 [en
1293 4136 1507 4212 transmontano
1522 4153 1601 4213 pro—

241 4244 330 4300 vincis
344 4241 494 4316 reatinen
515 4242 682 4320 snpplicatio
700 4239 844 4300 Fortunae
865 4240 977 4310 reduco]
1000 4239 1069 4298 item
1092 4242 1158 4300 fast.
1175 4238 1263 4301 dmit.
1285 4258 1385 4301 errore
1406 4240 1442 4300 ad
1456 4238 1522 4299 lieo.
1541 4237 1600 4299 16:

242 4343 302 4404 dra
323 4342 468 4404 Fortunae
496 4345 598 4405 redunt
622 4342 776 4420 dearctare)
797 4352 846 4403 eat.
890 4343 924 4402 lu
946 4343 1077 4404 nammis
1100 4343 1196 4404 aureis
1219 4343 1422 4422 argenteisque
1449 4361 1497 4403 ara
1523 4342 1602 4404 haec

242 4446 373 4507 cernitar
409 4465 477 4508 cam
514 4447 710 4526 adscriptione
740 4445 911 4524 Fortnnme)
947 4446 1088 4526 rodant),
1123 4446 1243 4510 Caesari
1274 4446 1425 4528 dapenna)
1455 4447 1602 4526 sternens)

238 4549 469 4630 p(opalas)q(ue)
496 4548 669 4630 Meuanas)
697 4548 820 4628 (Eckhel
841 4552 870 4624 6,
897 4551 970 4624 106;
993 4549 1093 4611 Coheu
1114 4551 1188 4630 dag.
1211 4569 1240 4611 n.
1266 4551 1446 4629 tau-108)
1474 4551 1530 4624 rel,
1562 4561 1604 4613 ut

176 4727 183 4742 ι
242 4661 287 4714 est
308 4653 340 4714 iu
361 4653 492 4714 nammis
515 4655 548 4726 Q.
565 4652 670 4728 Rastii,
693 4653 863 4733 forttanne)
886 4655 1012 4734 roteiaco)
1030 4654 1286 4734 Gaesandnpnsto
1306 4653 1498 4733 cononatus)
1513 4653 1602 4733 qon-

242 4757 329 4836 ndto)
350 4757 518 4819 similiterre
540 4757 661 4830 (Eckhel
676 4757 694 4817 l.
711 4777 751 4833 c.;
773 4757 872 4819 Coheu
895 4757 914 4817 1.
931 4778 955 4820 o.
971 4778 1001 4819 u.
1018 4758 1103 4839 513).
1134 4758 1187 4819 Dio
1203 4761 1253 4832 54,
1272 4759 1362 4821 laad
1377 4777 1402 4819 a.
1419 4749 1480 4818 735
1496 4768 1602 4820 narrat
