3525 5417
602 340 999 400 nmmvsrmrnnmns
1413 348 1476 413 175

122 526 338 602 distinxeraut;
370 525 525 605 legendum
549 523 684 586 omnino:
719 523 796 585 Noluit
828 522 867 585 ad
898 533 1018 584 ueterem
1114 521 1308 604 Sulpiciorum
1332 525 1477 604 [amilium

124 628 279 701 Quirinum
295 633 446 710 pertmuit,
475 631 596 708 impiper
615 627 735 690 militiae
756 638 782 690 et
803 627 918 689 aeuus
939 629 1104 688 ministeriis
1136 628 1313 689 coumlatum
1337 675 1387 689 ...
1409 647 1478 692 moa

123 736 250 813 iusipnio
271 733 410 812 triumphi
429 733 547 812 adeptus
570 731 707 812 datusque
727 741 822 792 rector
838 729 869 791 C.
888 729 1005 792 Caesari
1021 728 1187 792 Armeniam
1208 731 1350 794 obtiueuti.
1397 731 1479 794 Tile-

123 839 204 896 n'um
224 853 332 916 ηαοηιιο
353 833 448 896 lllodi
473 844 600 916 opeutem
626 836 759 905 coluerat,
786 836 860 916 quod
886 844 954 895 tuuc
971 834 1103 914 patefecit
1131 837 1162 894 im
1183 843 1283 895 amatu
1305 835 1428 897 laudatis
1448 839 1480 896 iu

123 958 155 1000 se
177 939 283 1019 officiis
302 949 328 1000 et
349 944 476 1001 iucusato
498 938 537 1000 ll.
560 937 660 1013 Lollio,
682 957 763 1020 puem
784 947 928 999 auctorem
952 936 982 999 C.
1001 935 1121 1000 Caesari
1142 941 1293 1017 prauitatis
1320 949 1346 1000 et
1368 939 1478 1001 discor-

124 1042 240 1103 diarum
268 1042 414 1122 στρατίου.
464 1041 600 1104 doluerat
630 1050 728 1103 autem
756 1040 853 1102 Rhodi
879 1040 1029 1102 Tiberium
1058 1039 1210 1112 Quirinius
1240 1049 1289 1102 aut
1320 1060 1346 1102 a.
1363 1042 1421 1102 751
1448 1042 1478 1102 in

125 1145 241 1227 Syriam
264 1146 452 1226 proficiscens
474 1154 526 1207 aut
546 1145 577 1206 in
597 1144 695 1206 bsiam
718 1144 906 1225 proficiscens
928 1144 964 1204 ad
986 1143 1224 1224 proconsulatum
1249 1143 1478 1224 suscipiendum.

124 1248 200 1310 Nam
235 1256 349 1310 tantum
384 1249 466 1311 abest
498 1257 532 1310 ut
564 1256 679 1310 constet
710 1247 803 1309 Roma
842 1266 910 1309 eum
946 1247 982 1310 ad
1020 1245 1123 1307 Gaium
1158 1245 1285 1320 venisse,
1320 1255 1355 1308 ut
1387 1247 1479 1326 magis

125 1352 302 1413 crediderim
335 1355 412 1414 forte
443 1372 498 1433 pro
530 1352 651 1414 consule
687 1351 784 1412 Asiam
817 1359 967 1430 regentem
1004 1350 1040 1411 ab
1073 1349 1205 1429 Augusto
1238 1350 1273 1412 ad
1310 1350 1403 1412 lilium
1437 1350 1479 1412 ire

125 1457 243 1517 iussum
277 1475 350 1517 esse.
404 1456 538 1518 Vidimus
570 1455 650 1516 enim
679 1473 747 1516 eum
775 1453 873 1516 Asiam
907 1472 1007 1534 regere
1036 1452 1169 1534 potuisse
1202 1471 1255 1534 per
1281 1472 1307 1515 a.
1324 1451 1417 1523 755l6
1451 1461 1482 1516 et

125 1558 265 1639 deinceps
287 1559 378 1621 etita
400 1578 434 1620 eo
456 1561 520 1642 ipso
550 1568 689 1640 tempore,
719 1578 778 1639 quc
801 1557 910 1619 Lollius
940 1557 1019 1632 abiit,
1048 1555 1078 1618 in
1105 1555 1173 1618 baia
1200 1557 1332 1637 potuisse
1363 1555 1480 1619 morari.

126 1662 213 1734 Quod
251 1661 276 1723 si
311 1663 350 1724 ita
386 1666 495 1725 laetum
533 1670 579 1724 est
614 1672 644 1724 et
684 1662 754 1724 inde
794 1661 830 1722 ab
871 1662 975 1724 itincre
1017 1661 1067 1723 illo
1110 1661 1247 1724 continua
1290 1661 1482 1723 dimoratione

127 1764 282 1838 Quirinius
304 1764 334 1826 in
358 1765 478 1828 Oriente
501 1767 619 1840 mansit,
646 1765 735 1828 etiam
763 1784 850 1827 causa
872 1774 1001 1846 apparet,
1029 1765 1134 1827 curin
1156 1765 1218 1827 eius
1244 1763 1408 1826 laudatione
1431 1763 1482 1824 Ti·

127 1869 229 1930 berius
262 1868 468 1931 salutationem
502 1868 678 1931 llbodiacam
701 1877 732 1932 et
756 1869 887 1931 officium
921 1868 957 1930 ab
984 1887 1010 1930 a.
1027 1869 1087 1930 755
1118 1869 1149 1931 C.
1168 1867 1282 1930 Caesari
1315 1867 1478 1930 exhibitum

127 1971 322 2034 coniunxerit.
355 2008 397 2016 -
429 1971 553 2053 Nuptiae
590 1980 703 2046 autem,
740 1991 813 2053 quas
846 1971 998 2044 Quirinius
1036 1990 1105 2034 cum
1138 1971 1245 2052 Lepida
1278 1971 1362 2046 lecit,
1399 1970 1482 2032 facile

127 2075 339 2156 expediuntur3
361 2093 429 2137 nam
452 2094 521 2137 eum
543 2084 659 2138 constet
681 2075 854 2138 Suetonium
880 2075 956 2151 (Tib.
973 2075 1027 2156 49)
1048 2075 1145 2156 paullo
1166 2074 1313 2137 liberalius
1335 2075 1482 2136 intereas

126 2179 257 2260 nuptias,
280 2198 354 2259 quae
375 2187 443 2241 ante
458 2179 548 2240 linem
563 2199 588 2240 a.
606 2179 666 2240 755
682 2179 822 2242 celebrari
840 2196 902 2241 non
916 2186 1085 2260 potuerunt,
1108 2187 1138 2240 et
1152 2179 1365 2241 accusationem
1383 2197 1408 2239 a.
1421 2177 1481 2238 773

128 2301 301 2344 numerasse
315 2300 409 2344 annos
424 2282 535 2361 viginti,
550 2281 622 2362 quid
636 2282 768 2364 impedit,
790 2282 950 2363 quominus
966 2283 1085 2364 nuptiae
1100 2282 1260 2345 reiciantur
1274 2292 1343 2363 post
1357 2281 1484 2355 Quirinii

128 2405 163 2446 ex
184 2386 266 2466 Syria
289 2385 417 2447 reditum
438 2385 474 2446 ad
496 2404 522 2446 a.
544 2405 570 2446 c.
587 2382 672 2446 757?
715 2386 799 2459 Quod
824 2387 849 2448 si
870 2386 919 2449 cui
947 2386 1073 2468 spatium
1103 2386 1229 2448 sedecim
1257 2404 1401 2448 annorum
1429 2404 1483 2467 pro

127 2489 232 2569 viginti
256 2490 389 2552 Suetonii
412 2488 574 2570 displiceat,
595 2498 686 2571 ponat
708 2491 846 2572 Lepidam
870 2490 1005 2564 Quirinio
1028 2490 1163 2572 nupsisse
1193 2498 1244 2552 aut
1274 2498 1341 2552 aute
1367 2493 1483 2571 prolec-

129 2594 241 2655 ticnem
263 2593 373 2655 Romae
395 2603 446 2655 aut
466 2593 497 2654 in
520 2593 620 2673 Syria,
643 2603 721 2659 certe
743 2613 830 2657 nemo
853 2594 972 2656 refellet.

230 2696 259 2758 3.
293 2679 598 2759 Restat'notissimus
627 2697 709 2760 loeus
731 2697 827 2760 Lucae
846 2697 875 2773 2,
900 2700 932 2759 1:
966 2694 1091 2775 ἐγένετο
1120 2695 1157 2758 dd
1183 2694 1218 2758 lu
1244 2703 1317 2768 ταῖς
1346 2691 1484 2780 ἡμέραις

129 2792 283 2875 ἐκείναις,
306 2799 447 2883 ἐξῆλθεν
468 2797 577 2882 δόγμα
600 2800 693 2883 παρὰ
720 2804 887 2885 Καίσαρος
913 2795 1108 2879 Αὐγούστου
1130 2795 1393 2882 ἀπογράφεσθαι
1416 2797 1483 2861 ποῖ-

130 2919 195 2967 σαν
226 2903 285 2987 τὴν
312 2903 524 2988 οἰκουμένην·
558 2899 640 2987 αὕτη
670 2901 848 2988 ἀπογραφὴ
872 2900 984 2986 πρώτη
1007 2901 1134 2982 ἐγένετο
1157 2897 1407 2985 ἡγεμονεύοντος
1428 2900 1485 2984 τῆς

129 3009 253 3087 Συρίας
279 3009 443 3090 Κυρηνίου
472 3008 528 3089 (sic
549 3010 612 3071 eud.
636 3008 808 3084 Sinaiticus3
840 3011 1004 3092 Κηρυνίου
1027 3008 1090 3069 cod.
1113 3006 1208 3081 blan,
1236 3005 1398 3088 Κυρείνου
1420 3004 1483 3066 cod.

128 3110 245 3186 Vatia).
282 3110 323 3172 ne
345 3132 405 3192 quo
427 3121 583 3194 postquam
607 3121 651 3174 tot
671 3113 726 3173 riri
749 3111 826 3174 docti
848 3121 908 3174 mm
932 3111 1024 3173 multa
1047 3111 1190 3184 dixerunt,
1214 3128 1267 3189 ego
1288 3127 1324 3170 ne
1347 3109 1485 3170 volumen

129 3214 331 3290 conscribam,
359 3215 395 3276 ab
423 3217 504 3277 omni
532 3216 664 3297 priorum
692 3224 723 3277 et
748 3214 976 3296 reprehensione
1004 3224 1033 3277 et
1053 3213 1219 3276 laudatione
1241 3211 1391 3274 abstinens
1414 3211 1485 3273 satis

131 3319 245 3380 habebo
272 3337 368 3381 meam
397 3319 574 3382 sententiam
597 3318 723 3380 breuiter
745 3317 961 3398 significavisse.
1007 3317 1102 3379 Lucae
1124 3317 1159 3378 de
1180 3316 1235 3378 bac
1257 3334 1288 3378 re
1310 3315 1388 3395 quod
1404 3323 1483 3377 attu-

130 3422 221 3485 limus
242 3421 443 3484 testimcnium
462 3423 547 3503 plane
569 3423 733 3485 solitarium
753 3431 807 3498 est,
828 3441 897 3484 nam
918 3422 1029 3502 reliqua
1049 3420 1194 3500 evangelia
1214 3421 1249 3481 de
1270 3438 1357 3482 censu
1380 3428 1484 3492 meent,

132 3527 292 3608 scriptores
313 3535 411 3588 autem
433 3526 620 3589 ecclesiastici
640 3546 675 3588 ex
691 3525 768 3588 Luca
786 3528 917 3608 pendent
932 3544 1044 3588 omnes.
1088 3524 1173 3597 Quod
1189 3523 1275 3586 etiam
1292 3524 1322 3585 in
1337 3523 1484 3584 lustinum

131 3631 235 3692 cadere
265 3637 379 3691 constat
404 3649 472 3691 cum
499 3648 535 3691 en
560 3630 707 3692 librorum
733 3631 795 3693 eius
822 3629 959 3692 universa
984 3628 1082 3690 indole
1108 3628 1147 3707 (r.
1174 3629 1288 3690 Suauls
1314 3625 1365 3688 olas
1393 3625 1487 3688 leben

133 3733 204 3795 lesu
224 3734 279 3812 sur
300 3734 351 3795 dos
377 3734 447 3795 Vollc
468 3753 496 3814 p.
514 3734 554 3796 56
570 3736 628 3814 sq.)
655 3742 718 3796 tum
746 3753 781 3795 ex
806 3734 1024 3814 comparatione
1049 3731 1225 3793 narrationis
1251 3730 1314 3792 cius
1341 3730 1376 3791 de
1396 3747 1486 3790 censu

132 3837 189 3898 boc
215 3837 339 3918 (apolog.
363 3838 376 3899 l
401 3857 427 3898 ο.
450 3836 499 3898 34.
528 3838 587 3912 46;
614 3837 680 3899 dial.
706 3857 775 3899 eum
801 3837 911 3918 Tryph.
938 3855 961 3897 c.
979 3835 1032 3916 78)
1058 3854 1125 3897 cum
1152 3833 1248 3896 Lucae
1273 3833 1369 3895 verbis
1397 3851 1485 3914 supra

133 3940 247 4016 relatis,
274 3960 342 4003 nam
370 3959 457 4021 quem
485 3939 581 4003 Lucas
606 3950 686 4003 recte
712 3941 837 4023 appellat
861 3941 989 4019 legatum
1018 3938 1131 4020 Syriae,
1159 3957 1226 4000 eum
1252 3937 1384 4001 lustinus
1410 3939 1511 4000 male·

134 4045 204 4106 lecit
230 4054 449 4123 procuratorem
475 4045 597 4106 iudaeae
623 4045 654 4125 (l.
681 4065 706 4106 ο.
733 4045 845 4126 apolog.
871 4043 885 4104 Ι
910 4062 936 4104 ο.
961 4042 1016 4104 34:
1049 4035 1091 4115 τίς
1113 4040 1169 4102 καὶ
1191 4044 1316 4125 μαθεῖν
1338 4033 1488 4104 δύνασθε

133 4144 168 4208 ἐκ
190 4147 258 4208 τῶν
279 4143 483 4230 ἀπογραφῶν
503 4148 569 4212 τῶν
589 4144 772 4230 γενομένων
792 4145 849 4210 ἐπὶ
869 4148 1033 4229 Κυρηνίου
1055 4143 1113 4207 τοῦ
1128 4139 1283 4228 ὑμετέρου
1298 4139 1488 4223 ἐν’ίουδαίᾳ

135 4245 269 4331 πρώτου
291 4252 467 4331 γενομένου
490 4247 700 4331 ἐπιτρόπου),
727 4251 837 4314 scilieet
863 4249 1005 4312 memoria
1030 4248 1130 4311 minus
1156 4250 1212 4311 fida
1239 4258 1272 4311 ut
1297 4249 1371 4311 solet
1393 4249 1487 4310 citans

134 4362 164 4416 et
186 4354 262 4416 male
281 4354 412 4434 cogitans
432 4353 469 4416 de
488 4354 535 4418 sui
554 4355 696 4436 temporis
718 4362 908 4437 procuratore
923 4353 1023 4434 Syriae
1038 4351 1217 4414 Palaestinae
1233 4352 1364 4432 (Henzen
1380 4351 1486 4432 5530).

135 4491 176 4501 —
202 4456 297 4520 Lucas
319 4466 417 4521 autem
438 4459 502 4539 ipse
523 4459 572 4521 iha
594 4459 725 4521 scribens
747 4459 778 4520 in
800 4466 900 4520 mente
922 4457 1025 4519 habuit
1050 4474 1124 4536 quae
1145 4454 1287 4537 Iosephus
1314 4457 1332 4517 l.
1350 4457 1389 4517 17
1415 4463 1487 4517 extr.

135 4562 178 4622 sic
202 4564 308 4623 refert:
342 4561 397 4643 τῆς
426 4559 599 4646 Ἀρχελάου
631 4559 738 4645 χώρας
771 4557 952 4635 ὑποτελοῦς
984 4561 1274 4644 προσνεμηθείσης
1306 4559 1346 4646 τῇ
1375 4555 1490 4640 Σύριον

137 4665 304 4747 πέμπεται
331 4663 492 4750 Κυρήνιος
513 4659 581 4731 ὑπὸ
607 4669 777 4752 Καίσαρος
798 4663 880 4751 ἀνὴρ
902 4659 1063 4738 ὑπατικὸς
1086 4657 1371 4747 ἀποτιμησόμενος
1392 4659 1433 4723 τοὶ
1455 4659 1490 4724 lu

137 4769 252 4852 Συρίη,
274 4767 346 4830 item
360 4771 380 4831 l.
399 4770 438 4834 18
452 4771 509 4834 in.:
536 4768 697 4856 Κορήνιος
718 4767 767 4848 ut,
790 4772 855 4835 τῶν
877 4769 924 4844 είς
939 4768 997 4853 την
1012 4765 1134 4851 βουλὴν
1149 4768 1379 4851 συναγομένων
1393 4760 1488 4847 ἀνήρ,
