3525 5417
757 289 791 357 v,
810 293 880 346 o-a
1204 287 1210 302 ·
1451 296 1492 359 99

146 475 269 536 cessario
305 475 492 536 statuendum
527 482 572 534 est
603 473 639 534 ad
674 472 781 534 bellum
810 491 902 551 usque
925 471 1072 532 Actiacum
1096 471 1241 551 Illyricum
1270 472 1300 533 in
1330 471 1495 553 provinciae

147 583 267 641 lormam
300 598 360 640 non
388 579 428 640 ita
453 597 519 638 esse
549 577 713 651 redactum,
748 586 782 638 ut
808 595 896 638 suurn
924 585 1095 654 certumque
1122 576 1218 637 locum
1248 585 1374 651 teneret3
1401 596 1495 658 neque

146 687 305 760 refragatur
327 701 426 744 rerum
450 679 600 742 memoria.
643 680 758 742 Scilicet
779 690 872 743 aetate
894 680 1000 741 liberae
1022 679 1064 740 rei
1086 679 1218 760 publicae
1233 680 1366 760 exiguam
1382 690 1495 761 partem

148 788 209 848 eius
224 806 298 866 quae
309 785 451 847 Romanis
467 794 529 846 turn
541 783 662 864 parebat
677 803 736 846 non
753 785 994 865 comprehensam
1010 783 1127 862 quidem
1144 802 1207 846 esse
1220 785 1326 846 Galliae
1340 785 1497 865 cisalpinae

151 890 298 962 vocabulo,
321 889 373 950 sed
396 906 452 950 una
475 906 542 948 cum
566 907 599 947 ea
614 888 809 950 administrari
825 889 940 950 solitam
956 905 1029 958 esse,
1053 886 1139 948 hodie
1154 888 1283 968 plerique
1299 889 1496 962 consentiunt,

148 1013 243 1072 neque
271 994 323 1072 qui
350 991 488 1053 dissentit
510 990 657 1070 Zippelius
684 992 740 1071 (die
759 992 897 1054 romische
917 989 1086 1070 Hemacltost
1106 995 1137 1052 a'n
1156 990 1277 1071 illyrico
1296 1012 1325 1073 p.
1350 990 1409 1054 180
1422 990 1497 1071 seq.)

146 1095 406 1158 administrationis
435 1104 582 1174 separatae
609 1104 815 1173 argumentum
850 1096 990 1156 idoneum
1019 1093 1113 1160 ullum
1138 1094 1244 1155 attulit.
1289 1094 1345 1156 Per
1366 1103 1498 1176 tempora

149 1199 214 1260 belli
236 1198 327 1261 civilis
349 1199 427 1260 inter
449 1197 599 1258 Caesarem
624 1206 654 1258 et
674 1197 847 1279 Pompeium
876 1207 906 1259 et
933 1197 1037 1258 deinde
1064 1196 1119 1257 sub
1142 1197 1262 1260 Caesare
1284 1198 1425 1260 dictatore
1447 1197 1498 1278 qui

148 1302 261 1384 Illyrico
286 1305 478 1383 praefuerunt
499 1321 524 1362 a.
541 1302 602 1362 705
625 1301 656 1362 G.
674 1301 819 1363 Antonius
842 1302 1005 1378 (Drumann
1030 1303 1057 1372 1,
1074 1300 1159 1376 524),
1186 1321 1238 1382 per
1259 1321 1284 1363 a.
1302 1303 1363 1363 706
1386 1312 1415 1364 et
1437 1302 1498 1363 707

148 1407 182 1479 Q.
198 1405 370 1468 Cornificius
403 1414 541 1485 quaestor
573 1423 626 1484 pro
659 1414 794 1485 praetore
817 1405 894 1481 tbell.
916 1405 996 1466 dler.
1017 1403 1158 1479 42-473
1187 1403 1337 1468 Drumann
1362 1406 1391 1480 2,
1413 1405 1499 1487 618),

147 1531 172 1571 a.
189 1510 250 1572 708
273 1509 305 1570 Ρ.
322 1506 472 1589 Sulpicius
500 1508 595 1569 Rufus
618 1507 730 1584 (Cicero
760 1509 795 1570 ad
818 1512 886 1570 lam.
910 1508 959 1584 13,
980 1510 1042 1588 77),
1071 1528 1097 1570 a.
1119 1509 1292 1571 709-711
1318 1511 1351 1570 Ρ.
1366 1509 1500 1572 Vatinius

148 1614 260 1688 (Cicero
282 1614 317 1674 ad
340 1615 411 1674 lam.
426 1613 456 1685 5,
472 1613 591 1684 9-11,
625 1611 699 1672 Phil.
718 1613 766 1684 10,
783 1614 811 1683 5,
829 1615 885 1684 11;
920 1613 1042 1692 llppian.
1058 1613 1133 1693 lllyr.
1153 1613 1190 1674 13
1214 1618 1292 1687 cet),
1321 1613 1499 1692 provinciam

151 1718 203 1793 tila
230 1716 392 1797 appellatur
414 1736 431 1777 a
453 1715 574 1776 Caesare
596 1714 624 1775 b.
641 1715 673 1804 G.
690 1717 719 1789 5,
737 1717 769 1790 1;
797 1717 935 1777 Cicerone
958 1720 1026 1777 lam.
1045 1717 1092 1791 13,
1109 1719 1164 1790 77;
1191 1726 1309 1778 auctore
1331 1717 1400 1778 nelli
1420 1716 1499 1777 Alex.

149 1822 167 1881 l.
184 1820 223 1898 c.)
247 1838 380 1881 seorsum
410 1818 666 1893 administrarent,
696 1826 726 1880 et
756 1819 851 1880 adhuc
877 1822 937 1879 lere
966 1818 1143 1882 credidimus
1165 1820 1235 1882 inde
1257 1820 1404 1900 Illyricum
1432 1839 1501 1900 pro-

151 1923 274 1985 vinciam
298 1921 438 2002 coepisse.
482 1921 538 1983 Sed
560 1931 594 1982 ut
607 1921 753 1983 Antonius
776 1931 806 1983 et
821 1922 993 1984 Cornificius
1017 1925 1080 1985 sine
1102 1923 1192 1985 dubio
1213 1923 1280 1984 belli
1302 1923 1390 1985 duces
1412 1922 1503 2002 magis

151 2033 273 2088 luerunt
293 2045 382 2105 quam
405 2024 570 2104 provinciae
591 2024 748 2105 praesides,
771 2025 810 2086 ita
831 2025 909 2086 idem
933 2027 1019 2088 etiam
1044 2027 1080 2088 de
1097 2026 1225 2107 Sulpicio
1248 2036 1278 2088 et
1292 2025 1407 2087 Vatinio
1422 2035 1502 2086 recte

149 2131 242 2193 statui
271 2139 384 2210 potest,
414 2147 481 2190 curn
512 2128 620 2190 bellum
651 2136 752 2189 eontra
780 2127 926 2191 Dalmatas
955 2130 1001 2192 vel
1028 2140 1095 2211 post
1122 2129 1203 2192 civile
1230 2129 1346 2191 linitum
1377 2129 1503 2204 durarit;

149 2244 180 2296 et
208 2252 276 2296 cum
305 2233 409 2294 Caesar
436 2233 500 2311 ipse
528 2231 559 2292 in
586 2231 719 2310 regiones
741 2230 924 2294 Danuvianas
952 2234 1165 2313 expeditionem
1196 2243 1386 2313 suscepturus
1416 2243 1502 2306 esset,

151 2348 267 2400 tantum
290 2336 381 2410 abest,
409 2345 443 2396 ut
467 2344 582 2396 constet
603 2355 638 2396 eo
661 2344 791 2415 tempore
813 2334 891 2396 inter
913 2337 1076 2417 provincias
1099 2338 1202 2399 sortito
1224 2335 1381 2416 quotannis
1403 2336 1504 2398 distri-

150 2442 238 2503 butas
260 2440 373 2520 lllyrico
395 2423 493 2500 locum
516 2439 615 2500 datum
640 2458 713 2513 esse,
743 2449 776 2501 ut
797 2440 953 2501 verisimile
981 2441 1019 2502 sit
1044 2441 1122 2502 inter
1145 2440 1245 2502 turbas
1267 2439 1365 2502 civiles
1387 2459 1504 2502 rerum-

150 2564 209 2625 que
231 2543 431 2606 conlusionem
453 2551 578 2604 mortem
602 2543 665 2604 eius
684 2554 870 2606 consecutam
888 2543 1169 2606 administrationem
1186 2543 1272 2604 huius
1288 2542 1414 2622 regionis
1436 2563 1505 2604 mu-

39 2637 50 2666 *
151 2649 271 2711 tandam
302 2651 425 2709 fortasse
453 2646 545 2725 magis
567 2665 655 2725 quam
679 2656 821 2709 mutatam
844 2647 875 2709 in
897 2647 1015 2727 antiqua
1037 2652 1131 2710 forma
1155 2647 1306 2709 mansisse.
1344 2646 1417 2708 Vere
1438 2654 1506 2728 post

151 2752 262 2814 bellum
295 2751 414 2812 demum
449 2749 642 2811 llalmaticum
670 2770 687 2812 a
720 2750 841 2813 Caesare
873 2751 933 2812 filio
967 2761 1081 2830 gestum
1115 2751 1262 2832 lllyricum
1293 2750 1433 2813 Romanis
1466 2750 1506 2812 ita

151 2855 282 2937 parebat,
304 2862 338 2916 ut
359 2855 434 2916 iusta
457 2852 710 2916 administratione
733 2854 858 2934 amplius
881 2874 979 2916 carere
1001 2874 1062 2917 non
1077 2864 1186 2938 posset.
1223 2855 1261 2916 lt
1276 2855 1305 2916 id
1321 2854 1429 2916 bellum
1446 2872 1506 2916 non

150 2961 188 3021 ad
217 2959 307 3020 linem
335 2957 510 3038 perductum
539 2965 598 3031 est,
635 2958 686 3019 sed
712 2958 870 3039 abruptum
898 2959 1115 3038 quodammodo
1143 2958 1274 3032 Actiac03
1301 2956 1400 3038 itaque
1427 2959 1506 3038 quod

150 3062 230 3142 cogit
251 3062 299 3123 hic
318 3061 401 3122 locus
424 3070 458 3122 ut
480 3070 653 3133 statuamus,
675 3060 821 3141 Illyricum
835 3069 904 3144 post
918 3081 942 3122 a.
960 3062 1020 3123 722
1036 3066 1161 3124 formam
1178 3061 1311 3125 stabilem
1328 3063 1508 3144 praesidem-

151 3187 210 3246 que
232 3184 320 3228 suum
343 3165 489 3244 accepisse
511 3182 611 3226 rerum
627 3165 767 3226 memoria
784 3165 906 3226 omnino
920 3166 1058 3228 admittit.
1088 3166 1161 3228 Nam
1177 3166 1275 3227 locum
1292 3186 1380 3229 suum
1397 3167 1509 3229 obtinet

151 3269 300 3349 Illyricum
322 3267 354 3329 in
370 3267 510 3329 divisione
525 3266 741 3346 provinciarum
764 3268 841 3330 inter
860 3270 1013 3332 Gaesarem
1036 3280 1066 3332 et
1088 3278 1222 3332 senatum
1245 3291 1271 3334 a.
1287 3270 1348 3331 727
1371 3268 1507 3331 instituta

153 3372 219 3451 (nio
243 3371 293 3446 53,
312 3371 367 3444 12;
399 3374 436 3432 cl.
460 3370 565 3433 Strabo
589 3373 638 3445 17,
654 3371 683 3445 3,
704 3371 745 3432 25
767 3392 795 3453 p.
812 3371 898 3443 840).
951 3375 1042 3436 Antea
1075 3383 1174 3436 autem
1207 3374 1260 3437 ubi
1292 3375 1327 3436 de
1360 3372 1508 3454 provincia

153 3476 269 3557 illyrico
291 3475 344 3537 nio
366 3475 454 3536 verba
475 3475 544 3536 lacit
565 3484 595 3536 et
620 3474 684 3537 loco
709 3495 798 3557 supra
828 3475 956 3540 indicato
983 3488 1013 3540 et
1039 3477 1129 3540 altero
1152 3477 1203 3554 48,
1229 3477 1280 3552 28,
1309 3496 1378 3539 suae
1405 3477 1508 3539 aetatis

154 3578 399 3640 consuetudinem
422 3587 456 3640 ut
478 3578 553 3640 solet
574 3587 693 3641 secutus
716 3589 781 3641 est.-

232 3907 298 3950 ιιι.
315 3889 372 3963 5,ι
402 3888 460 3961 Qui
486 3886 542 3950 sub
569 3890 663 3969 [signis
683 3893 752 3952 mee's
773 3889 844 3966 tom]
866 3889 1069 3964 militaverint,
1096 3893 1217 3951 fuerunt
1239 3889 1390 3952 senatores
1413 3889 1510 3969 pldres

361 4013 373 4053 ι
404 3987 408 4058 l
425 4010 513 4072 quam
536 4011 597 4066 nce,
619 3993 650 4052 in
678 3992 722 4071 il[a
744 3998 793 4074 qni
811 3995 857 4054 vel
878 4005 943 4054 ome
965 3994 1010 4055 vel
1028 3993 1136 4073 poeltea
1156 3994 1290 4055 consules
1305 3995 1372 4055 lacti
1389 3993 1511 4055 suntad

363 4113 378 4156 e
404 4113 474 4157 eum
502 4093 579 4156 diem
599 4094 605 4177 l
623 4097 682 4175 qud
704 4096 812 4177 scripta
834 4096 912 4173 sunu
931 4096 1011 4172 laec,
1039 4117 1163 4170 nffllll,
1185 4097 1358 4175 sacedotes
1379 4095 1513 4174 cilrcliter

401 4218 483 4260 ccxx.
499 4198 541 4280 §l

180 4321 226 4364 cn.
245 4300 293 4375 13,
308 4319 336 4362 ιο
351 4319 376 4363 21
408 4298 450 4365 Oi
468 4296 525 4364 ὑπ’
545 4299 659 4384 {ledele
680 4305 828 4385 σημείοις
848 4299 930 4378 edlrs
956 4299 1242 4386 orporeolodpavoe
1265 4299 1349 4387 ἦσαν
1376 4302 1514 4387 συνκλη-

350 4422 378 4466 aa
404 4403 499 4487 estaol
525 4403 661 4478 πλείους
687 4401 940 4486 ἑπτ]α[κοσ1]ων’
969 4403 1024 4484 [dlv
1051 4401 1175 4483 [αὐτοῖς
1199 4411 1235 4470 ol
1259 4403 1279 4490 ἢ
1304 4403 1465 4490 πρότερον
1494 4403 1514 4490 ἢ

308 4527 335 4569 aa
351 4527 378 4570 al
406 4506 410 4586 l
434 4509 623 4589 μετέπειτα]
644 4502 813 4590 ἒγΙένον]το
837 4503 989 4589 [ῧπ]α[ιοι
1012 4509 1059 4582 εἰς
1087 4509 1254 4594 ἐκ]ε[ί]ν[ην
1274 4510 1333 4594 τὴν
1348 4505 1513 4595 eilptdoav,

299 4613 372 4687 14,ι
401 4603 478 4701 ἕνῇ
506 4613 608 4674 ταῦτα
629 4615 831 4695 perpaucula,
858 4608 1080 4696 dlydoq'aolvea
1102 4611 1224 4697 eoeltk,
1249 4609 1368 4698 {coletis
1383 4609 1397 4698 ΙΙ
1412 4610 1516 4698 πρόσ-

405 4736 470 4780 που
493 4713 610 4780 ἑκατὸν
632 4713 889 4801 ἑβδομή[κ]οντα.

1321 4817 1358 4872 7*
