3525 5417
296 327 358 392 178
574 323 606 377 P.
620 321 780 379 SVLPIGII
797 321 960 388 QVIRINII
978 321 1134 379 TITVLVS
1153 321 1376 380 TIBVRTINVS

293 502 357 577 48).
395 502 522 582 Stirpem
546 511 613 583 post
634 522 666 565 se
688 522 748 565 uon
771 504 890 584 reliquit
906 503 985 584 (Tac.
1002 523 1070 567 eun.
1087 504 1116 580 3,
1132 505 1195 584 22).
1239 504 1274 564 ln
1296 503 1342 565 his
1364 511 1399 564 ut
1426 503 1519 565 multu
1542 501 1634 563 incerto

292 625 357 667 esse
387 614 481 687 petet,
512 605 551 698 ita
578 625 639 667 non
665 607 752 671 eredo
784 608 942 688 quicquum
975 609 1132 682 contineri,
1166 608 1245 687 quod
1277 625 1335 669 nou
1370 605 1514 668 rationem
1548 605 1636 666 hubert

293 717 323 771 et
342 708 618 789 pu·obebilitatem¹).

392 971 414 1038 ¹)
432 972 590 1023 Hermuuuus
613 971 738 1038 Gerlach,
762 973 835 1023 euius
858 971 932 1022 ruodo
956 973 1062 1023 effertur
1084 971 1188 1024 libellus
1211 971 1263 1036 (dr-'e
1283 973 1428 1023 romsschon
1450 969 1598 1022 Staltiulter
1614 974 1634 1020 u'u

291 1056 382 1125 Syrtico
400 1057 454 1108 und
463 1057 559 1110 Iudaea
575 1073 622 1109 von
641 1059 673 1110 69
691 1075 736 1111 vor
750 1059 851 1111 coesto
868 1059 907 1109 bis
925 1059 956 1110 69
976 1059 1041 1110 neele
1055 1057 1162 1110 ceroto.
1188 1059 1301 1110 Berolini
1325 1059 1396 1109 1865.
1410 1058 1432 1109 8.
1447 1075 1485 1125 pp.
1499 1057 1550 1123 92),
1569 1056 1633 1106 multo

292 1142 381 1194 lubere
398 1151 426 1194 et
444 1144 510 1195 bone
527 1143 589 1209 fide,
609 1145 653 1195 sed
672 1161 704 1196 re
721 1145 843 1197 tirocinio
861 1147 960 1213 quidem
978 1145 1002 1194 in
1022 1145 1092 1195 hisee
1110 1145 1203 1196 studiis
1222 1145 1305 1210 posito
1324 1159 1378 1195 reru
1397 1160 1469 1210 quum
1481 1144 1634 1195 tractavimus

293 1247 430 1296 eggressus
448 1230 511 1282 nihil
536 1231 596 1281 noui
623 1231 742 1297 protulit,
765 1234 830 1298 quod
853 1249 902 1282 nou
926 1231 961 1282 sit
983 1233 1109 1299 ineptum,
1131 1230 1315 1297 ineptissimum
1334 1239 1418 1281 eutem
1437 1230 1547 1280 omnium
1566 1227 1634 1278 Lucre

293 1316 465 1368 defensionem
482 1318 546 1368 huuc
564 1319 598 1384 (p.
611 1316 644 1367 ³3
656 1318 719 1384 su),
737 1333 766 1368 eo
784 1326 907 1386 tempore,
925 1334 973 1385 quo
993 1318 1110 1369 Christus
1130 1323 1203 1367 nutus
1221 1325 1270 1378 est,
1289 1323 1340 1367 tum
1360 1316 1454 1366 Verum
1472 1317 1582 1378 legatum
1597 1313 1635 1380 sy-

292 1403 347 1454 rice
364 1402 445 1455 fuisse
464 1418 537 1469 quum
555 1402 699 1468 Quiriniuuu
717 1419 869 1470 censumque
888 1402 1031 1469 Quiriniuun
1048 1409 1101 1453 tum
1120 1405 1251 1470 coepisse,
1274 1401 1413 1468 perfecisse
1431 1409 1490 1468 post
1507 1416 1582 1451 anuos
1600 1415 1634 1448 uo-

292 1505 348 1542 vem
368 1489 393 1538 iu
412 1489 542 1554 legatione
561 1489 654 1539 ultera.
690 1487 756 1539 Suue
775 1489 905 1552 indiguum
924 1488 1023 1539 fucinus
1044 1503 1074 1538 ue
1094 1489 1118 1540 iu
1137 1491 1184 1539 huc
1201 1489 1303 1555 quidem
1322 1488 1379 1538 luce
1396 1487 1544 1537 litterarum
1561 1487 1634 1536 lurcos

292 1575 354 1625 illes
371 1574 547 1625 tenebricosos
565 1575 746 1641 conquiescere
772 1590 847 1640 posse
866 1583 893 1625 et
917 1574 947 1624 de
972 1577 1120 1641 quaestione
1140 1574 1290 1626 difficillime
1309 1575 1351 1626 vei
1370 1574 1471 1625 hiscere
1490 1574 1580 1623 endere
1597 1573 1634 1621 ho·

292 1660 396 1723 minem,
419 1661 461 1726 qui
480 1661 589 1724 legatum
613 1661 790 1727 proconsulem
814 1669 1005 1726 procuratorem
1029 1669 1149 1726 perpetuo
1172 1662 1241 1713 iuter
1267 1676 1295 1712 se
1313 1658 1452 1711 confundet
1469 1666 1495 1710 et
1512 1657 1633 1710 identidem

291 1746 380 1797 lnudet
397 1755 526 1797 auctorem
543 1747 629 1799 nescio
648 1763 720 1813 quem
738 1746 819 1796 adhue
837 1747 949 1809 ignotum
969 1748 1113 1799 Suetoneuu.
