3525 5417
730 347 779 414 VI,
800 347 867 402 1-a
1411 347 1472 411 139

127 525 340 612 πρεσβεύσεσι
373 527 427 588 καὶ
462 521 663 609 θεραπείαις
690 523 1013 609 κατασκευασάμενοι
1040 525 1098 612 τὴν
1127 523 1210 605 πρὸς
1241 527 1394 606 Καίσαρα
1419 521 1477 588 τὸν

127 629 291 714 Σεβαστὸν
312 628 430 715 φιλίαν
451 625 653 713 ἀναθήματά
671 653 705 693 τε
725 626 896 713 ἀνέθηκαν
917 628 954 692 ἐν
975 630 1020 714 τῷ
1046 625 1249 712 Καπετωλίῳ
1272 627 1327 691 καὶ
1351 629 1477 692 οἰκείαν

127 729 242 814 σχεδόν
267 759 300 796 τι
322 730 573 817 παρεσκεύασαν
600 743 671 806 τοῖς
689 729 863 814 Ῥωμαίοις
893 727 972 816 ὅλην
993 731 1051 816 τήν
1073 729 1181 817 νῆσον,
1204 732 1351 795 disserens
1374 733 1477 795 deinde

126 839 292 914 decausis,
318 857 372 900 cur
392 839 487 900 insula
509 857 569 899 non
591 837 621 898 in
644 835 808 917 prouinciae
830 839 955 898 sormam
978 836 1133 916 redigatur.
1156 871 1198 882 -
1220 836 1351 898 Duorum
1374 855 1475 916 regum

126 944 342 1016 Britannorum,
368 961 443 1022 quos
464 942 600 1022 princeps
615 940 656 1002 ait
670 939 816 1022 supplices
831 940 867 1002 ad
882 961 914 1002 se
929 941 1103 1020 confugisse,
1126 941 1199 1002 alter
1212 940 1478 1003 Dumnobelluunua

126 1048 200 1119 sire,
230 1056 263 1108 ut
285 1054 331 1108 est
352 1045 382 1106 in
406 1045 538 1126 exemplo
561 1045 683 1118 Graeco,
714 1041 993 1125 Δομκοελλαῦνος,
1016 1063 1075 1105 non
1099 1043 1192 1106 solum
1215 1055 1334 1125 propter
1349 1042 1477 1105 nominis

125 1154 250 1212 sormam
272 1150 409 1230 componi
430 1158 529 1231 potest
550 1167 617 1211 curn
641 1147 719 1209 notis
742 1147 907 1229 principum
932 1147 1106 1209 Gallicorum
1129 1147 1298 1208 nominibus
1313 1148 1479 1210 Dumnorix

125 1263 155 1315 et
178 1253 417 1326 Cassivellaunus,
444 1253 721 1314 Vercassivellaunus
742 1251 791 1330 (ct.
804 1259 924 1332 propter
946 1253 1071 1313 formam
1093 1250 1224 1312 vocabuli
1245 1251 1335 1313 Zeuss
1355 1270 1477 1332 gramm.

125 1357 215 1418 Gelt.¹
237 1375 266 1437 p.
283 1355 333 1418 87.
349 1355 438 1433 856),
468 1356 518 1418 sed
545 1364 648 1417 extant
671 1355 789 1417 nummi
819 1355 882 1417 cusi
911 1355 941 1416 in
965 1355 1113 1416 Britannia
1142 1354 1323 1416 meridionali
1347 1354 1479 1437 inseripti

124 1461 391 1534 llobnooellouoos,
421 1479 496 1540 quos
524 1459 610 1540 periti
640 1459 677 1521 ad
700 1458 823 1540 Augusti
849 1467 973 1521 aetatem
1004 1477 1139 1521 revocare
1162 1468 1191 1522 et
1212 1458 1280 1522 huic
1301 1458 1356 1540 ipsi
1378 1459 1479 1539 regulo

123 1563 285 1627 attribuere
305 1583 366 1625 uon
389 1563 570 1625 dubitarunt
607 1562 681 1625 Nam
704 1564 782 1643 quod
805 1563 889 1625 tertia
912 1563 1007 1624 littera
1030 1561 1106 1642 apud
1122 1561 1287 1641 Augustum
1310 1579 1346 1622 ex
1369 1563 1384 1624 b
1404 1565 1479 1622 tacta

125 1677 170 1729 est
196 1686 240 1741 m,
269 1667 405 1728 similiter
432 1665 605 1728 vocabulum
637 1665 715 1745 quod
743 1665 846 1727 Latiam
879 1665 1000 1726 effertur
1028 1663 1193 1727 Βααιιοιία
1227 1663 1255 1724 id
1289 1666 1385 1745 ipsum
1414 1683 1479 1726 esse

124 1772 242 1832 ridetur
262 1771 339 1850 quod
362 1769 510 1832 invenitur
531 1770 562 1830 in
583 1768 714 1829 nummis
730 1767 845 1830 Gallicis
862 1768 1023 1831 Bubaorec
1038 1768 1205 1849 (Bucbalais
1227 1768 1313 1829 deser.
1336 1767 1383 1828 des
1405 1767 1478 1829 med.

126 1873 211 1936 Gaul.
233 1894 263 1955 p.
281 1873 358 1948 1123
385 1873 475 1935 Zeuss
496 1873 515 1933 l.
531 1893 556 1935 c.
577 1893 605 1953 p.
621 1872 675 1952 20)
709 1881 738 1933 et
768 1871 949 1952 CogiduBnui
977 1871 1055 1933 tituli
1081 1871 1240 1933 Britannici
1264 1871 1306 1944 (C.
1328 1871 1395 1943 Vll,
1425 1870 1477 1950 11)

123 1976 317 2059 Cogidumnue
338 1983 384 2038 est
398 1975 491 2038 Taciti
513 1975 620 2055 (Agric.
640 1976 700 2050 14).
736 1974 834 2039 Edidit
855 1995 906 2037 eos
928 1984 995 2057 post
1009 1975 1081 2037 alios
1096 1976 1158 2037 lob.
1174 1975 1270 2036 Evans
1291 1975 1336 2036 tlte
1358 1979 1434 2037 emite
1448 1977 1484 2055 of

123 2083 168 2144 tbe
192 2084 302 2143 oasim
323 2080 438 2142 Britoua
454 2078 603 2159 (londinii
627 2078 721 2158 1864)
744 2098 771 2158 p.
791 2077 850 2140 198
862 2097 923 2158 seq.
944 2078 1001 2140 tab.
1018 2081 1037 2140 4
1053 2097 1082 2140 n.
1099 2079 1127 2142 6.
1145 2080 1173 2139 7.
1191 2078 1220 2140 8.
1236 2079 1266 2140 9.
1285 2078 1342 2139 td..
1359 2079 1408 2138 lt.
1426 2078 1480 2154 123

123 2202 253 2266 quorum
275 2183 476 2264 exemplorum
499 2183 558 2245 duo
579 2202 609 2243 n.
626 2183 646 2245 6
666 2181 730 2245 etB
750 2181 824 2242 iutra
846 2180 968 2262 repetivi
984 2181 1095 2244 adiecto
1111 2181 1198 2243 tertio
1213 2180 1341 2261 paullum
1365 2179 1479 2246 diverso

120 3652 222 3714 nuper
242 3642 409 3713 comparato
432 3653 448 3694 a
465 3652 567 3694 museo
581 3641 692 3694 nostro.
722 3633 756 3693 ln
771 3651 805 3693 eo
821 3631 936 3694 nummi
952 3631 1063 3694 variant
1077 3634 1155 3713 quod
1171 3635 1330 3716 septimum
1353 3635 1482 3696 elemen-

121 3748 190 3800 tum
219 3746 271 3799 aut
293 3758 308 3798 ι
330 3745 375 3798 est
397 3746 448 3798 aut
470 3755 505 3810 u;
527 3746 675 3816 praeterea
698 3736 785 3797 modo
808 3756 841 3796 tt
862 3735 1015 3806 scribitur,
1044 3736 1130 3797 modo
1153 3759 1182 3810 ι,
1207 3739 1236 3800 in
1258 3747 1359 3799 nostro
1380 3747 1479 3800 autem

121 3843 270 3903 elementa
303 3860 336 3901 ea
365 3840 513 3902 deliciunt
561 3839 670 3912 Brans,
703 3840 755 3918 qui
784 3847 862 3900 recte
891 3857 1029 3900 nummos
1056 3841 1223 3922 composuit
1250 3859 1318 3902 oum
1340 3841 1481 3903 hocloco

121 3942 313 4007 monumenti
338 3943 495 4024 Ancyraui,
527 3961 684 4005 aureorum
716 3943 780 4003 eius
810 3940 886 4020 regis
920 3942 978 4004 duo
1010 3959 1115 4021 genera
1148 3941 1283 4005 observat
1310 3963 1379 4005 cusa
1409 3963 1481 4017 esse,

120 4050 250 4112 alterum
278 4046 399 4128 reperiri
425 4047 456 4107 in
483 4047 601 4126 regione
624 4045 700 4107 llent
731 4045 950 4119 tantummodo,
980 4044 1104 4107 alterum
1133 4046 1163 4107 in
1186 4044 1303 4126 regione
1325 4047 1426 4122 Esset,
1449 4057 1483 4111 ut

121 4162 283 4231 utramque
304 4169 355 4212 rex
378 4150 508 4212 tenuisse
530 4149 660 4211 videatur
681 4157 712 4210 et
732 4148 847 4210 duobus
869 4148 940 4210 locis
963 4147 1051 4210 simul
1073 4167 1212 4211 nummos
1234 4149 1381 4212 feriendos
1396 4169 1480 4213 cura·

122 4256 215 4316 visse.
259 4253 320 4315 llos
336 4253 500 4315 simillimos
516 4272 580 4315 esse
596 4271 787 4314 nummorum
803 4252 879 4331 regis
897 4250 1079 4324 Conobelini,
1102 4253 1153 4333 qui
1167 4252 1240 4315 obiit
1254 4273 1279 4316 c.
1296 4274 1320 4315 a.
1337 4255 1377 4316 40
1393 4274 1422 4336 p.
1439 4255 1483 4329 d,

120 4370 155 4420 et
185 4356 352 4437 proximum
381 4365 449 4418 ante
478 4357 559 4418 bunc
587 4375 724 4434 regnasse
751 4354 841 4416 videri
870 4354 1165 4419 Dumnobellaunum.
1188 4389 1230 4402 -
1251 4359 1379 4420 Alterius
1406 4358 1482 4438 regis

120 4461 267 4533 Britanni,
288 4479 377 4540 quem
392 4460 542 4539 Augustus
557 4460 592 4521 ad
608 4479 640 4521 se
655 4458 820 4538 confugisse
835 4459 945 4532 scribit,
961 4478 1069 4522 nomeu
1085 4462 1290 4542 imperfectum
1306 4461 1481 4544 accepimus,

120 4583 234 4644 nempe
260 4582 328 4625 cum
356 4562 469 4625 litterae
496 4564 531 4625 ad
561 4563 590 4625 id
621 4563 801 4645 pertinentes
827 4581 953 4625 numero
975 4565 1066 4626 luisse
1088 4565 1241 4628 videantur
1262 4564 1381 4627 Latinae
1402 4585 1427 4628 c.
1444 4585 1482 4640 ιι,

121 4668 251 4730 Graecae
273 4685 299 4728 c.
318 4684 357 4740 ιι,
380 4667 488 4747 primas
512 4676 571 4730 tres
592 4666 624 4729 in
647 4666 751 4729 Latino
773 4668 907 4749 exemplo
929 4689 983 4730 riu
1006 4669 1095 4731 fuisse
1111 4668 1290 4732 Gbisbullius
1310 4677 1481 4744 auctorest,

121 4771 179 4851 qui
212 4788 290 4832 unus
319 4788 368 4831 eas
398 4769 536 4845 servarit,
564 4771 596 4832 in
619 4771 736 4834 Graecis
763 4791 823 4835 non
849 4781 986 4854 superest
1012 4772 1070 4835 nisi
1096 4773 1191 4854 prima
1217 4793 1245 4834 τ.
1298 4773 1483 4856 Compararit
