3525 5417
740 288 763 354 1,
782 288 888 344 na-as
1445 294 1486 358 25

141 469 251 531 Graeca
280 469 316 531 ad
343 467 518 530 sententiam
547 467 694 549 expedivit
714 468 925 543 llircbhoffius‚
955 468 1041 530 verba
1068 478 1146 531 recte
1173 470 1317 532 ordinarit
1338 471 1487 551 Rerglrius

139 572 191 652 qni
213 592 288 651 quae
308 572 471 654 proposuit,
494 573 552 634 iam
574 572 668 654 lapide
690 573 909 634 confirmantur.
946 573 979 633 ln
1004 572 1114 634 Latinis
1136 593 1253 654 qnoque
1275 577 1398 636 formam
1422 595 1488 638 ora-

139 676 229 737 tionis
256 676 327 736 satis
348 676 505 737 adsecutus
526 684 589 749 est,
611 694 787 757 quamquam
811 676 954 756 quaedam
977 677 1063 738 rerba
1085 679 1120 738 ad
1142 678 1237 758 ipsum
1263 689 1488 742 monumentum

138 780 281 841 mutanda
306 781 436 840 fuerunt.
459 815 501 822 -
523 778 563 840 33
586 781 636 842 liu.
659 789 727 857 post
748 799 795 840 nn
817 778 1020 841 desiderantur
1042 781 1153 842 litterae
1176 800 1200 842 c.
1216 800 1282 854 xvrr,
1306 802 1358 862 pro
1380 783 1487 862 quibus

138 880 199 943 nori
227 882 377 963 suppletae
405 890 474 943 sunt
494 883 553 943 uisi
574 901 625 943 ru.
648 918 688 925 -w
712 882 752 943 34
775 882 853 942 inter
875 881 979 951 reule
1002 893 1031 946 et
1053 903 1169 945 uvmrv
1191 905 1258 947 cum
1282 886 1417 949 deficiant
1438 888 1489 950 lit·

137 997 218 1048 terae
240 1005 266 1047 c.
282 1005 337 1058 rm,
360 986 597 1067 supplementum
617 985 756 1065 perie[ulo
774 991 920 1066 praesenti
936 987 1083 1067 populu]m
1106 989 1278 1050 mutandum
1301 989 1365 1052 fuit.

240 1088 325 1162 Quod
352 1089 393 1151 ait
414 1090 564 1168 Augustus
591 1089 749 1151 divisiones
776 1108 952 1151 enumerans
975 1089 1003 1162 3,
1030 1091 1082 1153 10:
1117 1091 1215 1154 consul
1235 1093 1427 1166 undecimum,
1459 1094 1489 1157 id

137 1203 186 1255 est
206 1212 285 1255 auno
301 1192 372 1266 731,
397 1193 542 1255 duodecim
562 1195 797 1273 frumentationes
817 1194 963 1272 fraumenta
983 1198 1117 1275 priuatim
1135 1207 1256 1276 coempto
1272 1215 1400 1259 emamus
1414 1216 1487 1271 sum,

137 1306 169 1359 et
189 1298 268 1376 quod
290 1297 339 1358 bic
360 1296 462 1358 scribit
484 1296 660 1375 significatve
682 1315 707 1358 a.
725 1296 785 1358 732
807 1297 956 1377 repudiata
977 1297 1117 1360 dictatura
1134 1300 1296 1380 suscepisse
1311 1319 1342 1362 se
1357 1319 1488 1362 annonae

137 1399 320 1462 curationem
353 1409 383 1462 et
412 1400 448 1460 ab
475 1419 510 1461 eo
536 1409 667 1480 tempore
700 1400 761 1461 suis
794 1400 962 1480 sumptibus
993 1402 1236 1464 frumentationes
1263 1404 1392 1484 publicas
1420 1423 1487 1466 ero-

137 1521 223 1582 gasse
251 1503 433 1565 adsentiente
454 1501 546 1563 Dione
571 1503 634 1564 loco
662 1504 749 1565 modo
776 1503 877 1576 citato,
909 1523 956 1565 res
983 1515 1017 1566 ut
1038 1513 1115 1567 recte
1138 1505 1320 1586 intellegatur
1343 1507 1488 1587 iungenda

138 1615 219 1668 sunt.
263 1605 408 1668 biberunt
433 1607 511 1668 euim
539 1625 612 1687 quae
639 1607 677 1668 ita
701 1607 849 1687 Augustus
871 1608 1001 1688 suscepit
1022 1623 1078 1682 eo‚·
1093 1610 1170 1688 quod
1193 1629 1218 1670 a.
1243 1609 1300 1672 731
1325 1613 1488 1674 frumenta-

138 1713 234 1773 tiones
261 1711 325 1773 iure
352 1711 386 1772 ad
413 1710 559 1772 aerarium
582 1711 751 1791 spectabant
773 1720 802 1772 et
824 1711 1011 1791 magistratus
1033 1713 1209 1784 ordinarios,
1232 1714 1367 1795 princeps
1389 1723 1487 1776 etitem

138 1833 213 1876 usus
245 1833 281 1875 ex
310 1813 356 1875 bis
383 1813 554 1895 praesertim
584 1814 748 1875 ministerio
771 1813 814 1875 Ti.
837 1813 961 1876 Neronis
988 1834 1022 1876 co
1049 1833 1126 1877 anno
1154 1817 1316 1896 quaestoris
1345 1817 1488 1881 Ostiensis

139 1917 280 1997 (Velleius
302 1915 337 1989 2,
365 1917 420 1978 et:
452 1916 493 1978 Τι’.
519 1915 658 1979 Claudius
688 1917 763 1978 Nero
864 1928 997 1998 quaestor
1100 1924 1257 1982 monimum
1289 1920 1488 2002 difficaltatem

138 2040 273 2083 annonae
295 2039 329 2082 ae
349 2025 396 2082 rei
414 2022 625 2100 frumentariae
646 2025 773 2100 mopiam
789 2019 883 2082 Ostiae
905 2031 987 2100 atqua
1000 2026 1031 2082 ia
1045 2024 1115 2085 arbe
1129 2023 1272 2086 mandatis
1285 2029 1380 2087 vitrici
1392 2026 1487 2088 mode-

136 2137 221 2187 ratus
241 2136 294 2196 eset
316 2127 352 2186 cf.
377 2124 534 2186 Suetonius
557 2124 621 2185 Tib.
644 2123 663 2184 8
689 2132 720 2185 et
741 2122 914 2186 Staotrreebt
932 2123 961 2194 2,
978 2126 1051 2202 557)
1075 2135 1211 2208 sumptus
1225 2127 1255 2188 iu
1273 2147 1303 2188 se
1318 2129 1436 2209 recepit,
1459 2137 1489 2190 at

137 2228 175 2290 ab
200 2247 226 2289 a.
249 2227 317 2290 inde
340 2226 401 2289 732
429 2227 517 2289 fiscus
542 2227 691 2289 inlocum
719 2227 820 2288 aerarii
842 2227 1085 2289 frumentationes
1106 2230 1242 2308 erogavit.
1286 2229 1387 2311 Neque
1408 2233 1488 2293 enim

133 2332 362 2394 adsentiendum
390 2341 436 2393 est
459 2331 652 2392 llirsebfeldio
679 2329 819 2392 statuenti
841 2350 869 2410 p.
888 2330 947 2392 130
974 2331 1019 2410 agi
1048 2333 1103 2394 boc
1123 2333 1187 2394 loco
1209 2333 1245 2394 de
1267 2352 1335 2395 cura
1357 2352 1488 2396 annonae

137 2436 167 2496 in
195 2436 292 2497 solum
321 2453 430 2496 aunum
460 2433 521 2496 732
547 2435 583 2496 ab
606 2435 737 2513 Augusto
759 2445 903 2515 suscepta.
939 2434 999 2496 lam
1022 2435 1079 2496 boc
1100 2445 1187 2516 capnt
1207 2435 1257 2516 qui
1279 2435 1489 2516 comparaverit

138 2557 205 2601 cum
233 2557 268 2600 eo
290 2556 349 2616 quo
371 2539 468 2617 agitur
490 2539 525 2599 de
546 2537 718 2598 liberalitate
739 2557 764 2598 a.
782 2537 840 2598 731
865 2546 895 2599 et
916 2548 1024 2618 quanta
1047 2540 1182 2618 gravitate
1202 2539 1350 2618 Augustus
1372 2540 1421 2601 bic
1441 2541 1488 2602 lo-

137 2651 246 2722 quatur
267 2641 445 2722 erpeuderit‚
467 2659 528 2702 nou
550 2641 667 2720 negabit
691 2642 777 2720 longe
798 2641 882 2702 aliam
905 2660 967 2702 rem
984 2651 1014 2702 et
1028 2643 1121 2704 multo
1145 2641 1262 2704 maioris
1285 2643 1427 2704 momenti
1441 2642 1489 2705 hic

137 2745 256 2808 tractari
278 2763 364 2824 quam
388 2743 502 2823 largitio
524 2747 600 2805 foret
621 2755 717 2805 certae
739 2744 890 2805 cuiusdam
915 2763 1057 2806 summae.
1095 2744 1185 2805 ltlulto
1209 2745 1299 2824 magis
1321 2746 1398 2824 quod
1414 2754 1489 2807 teste

137 2849 229 2911 Dione
252 2848 316 2928 (qui
337 2848 356 2909 1.
372 2865 397 2908 c.
420 2857 488 2928 post
502 2845 635 2918 ἐδέξατο
650 2847 692 2908 sic
707 2847 814 2927 pergit:
837 2847 892 2908 real
908 2843 1055 2910 ἐκέλευσε
1071 2844 1130 2924 δύο
1146 2843 1267 2930 ἄνδρας
1291 2828 1382 2910 ...ζ
1405 2848 1489 2930 πρὸς

136 2951 194 3034 τὴν
221 2950 281 3014 τοῦ
310 2951 403 3013 σίτου
432 2947 594 3032 διανομὴν
621 2952 695 3011 κατ’
723 2948 794 3023 ἔτος
823 2946 1012 3030 cipeto-ioca)
1039 2952 1186 3012 adiutores
1208 2950 1237 3012 in
1261 2970 1293 3012 aa
1315 2971 1346 3012 re
1368 2971 1383 3013 a
1406 2952 1489 3035 prin-

137 3056 201 3137 cipe
222 3053 371 3134 adsumpti
393 3053 484 3115 creari
507 3053 601 3134 coepti
617 3063 687 3115 suut
701 3073 726 3115 a.
744 3053 815 3126 732,
839 3055 966 3117 declarat
982 3065 1043 3116 turn
1061 3072 1119 3115 non
1135 3054 1165 3114 iu
1182 3073 1248 3116 enm
1266 3074 1376 3116 annum
1393 3055 1487 3117 solum

137 3175 254 3238 gravem
279 3156 354 3218 banc
374 3174 474 3216 curam
497 3175 513 3217 a
535 3156 665 3238 principe
680 3167 825 3238 receptam
843 3177 916 3232 esse,
940 3158 989 3220 sed
1005 3159 1035 3219 iu
1051 3166 1235 3240 perpetuum.
1272 3158 1382 3220 Exinde
1402 3159 1490 3239 igitur

136 3259 383 3323 frumentationes
404 3259 532 3320 urbanae
554 3260 632 3321 inter
652 3260 839 3322 liberalitates
861 3263 1010 3322 numerari
1033 3260 1183 3323 desierunt
1205 3296 1244 3304 -
1268 3261 1325 3322 iam
1341 3261 1419 3323 enim
1435 3281 1489 3324 an-

136 3383 233 3426 nonae
264 3381 334 3424 eura
362 3362 487 3444 principi
514 3363 643 3424 iniuncta
670 3382 729 3425 non
757 3372 802 3425 est
827 3363 984 3426 liberalitas
1011 3383 1064 3445 pro
1090 3365 1240 3426 voluntate
1268 3365 1409 3437 exhibita,
1439 3367 1491 3428 sed

136 3487 206 3550 pars
227 3466 487 3528 administrationis
509 3466 537 3528 ei
558 3467 741 3530 commissae.
764 3486 858 3547 eoque
882 3468 971 3547 magis
993 3468 1069 3548 quod
1094 3467 1156 3529 siue
1176 3468 1265 3530 dubio
1280 3468 1367 3530 simul
1382 3468 1490 3530 tributa

136 3582 217 3634 certe
243 3570 435 3631 frumentaria
461 3570 571 3631 aerario
598 3572 693 3633 adbuc
721 3572 814 3633 soluta
843 3571 874 3632 iu
902 3573 1005 3633 fiscum
1029 3571 1168 3634 translata
1190 3581 1261 3632 snut
1282 3571 1435 3651 patuitque
1458 3591 1491 3633 ea

136 3693 208 3736 cura
237 3692 297 3735 non
322 3693 354 3735 re
380 3677 516 3748 fortasse,
544 3674 594 3736 sed
620 3675 684 3736 iure
712 3675 753 3736 ita
775 3675 988 3746 administrari,
1019 3682 1052 3737 ut
1073 3675 1209 3755 princeps
1232 3674 1267 3736 de
1289 3692 1343 3735 suo
1365 3674 1439 3735 nibil
1461 3674 1491 3735 iu

136 3796 284 3840 annonam
313 3777 494 3859 impenderet
519 3813 561 3822 —
588 3786 618 3838 et
644 3777 842 3839 administrari
867 3788 986 3858 coeptae
1009 3786 1079 3839 sunt
1100 3796 1152 3858 per
1173 3777 1320 3838 adiutores
1342 3777 1490 3858 principis,

138 3883 173 3945 de
196 3900 323 3961 quorum
346 3880 516 3943 condicione
538 3891 567 3942 et
589 3881 730 3942 electione
753 3881 903 3962 temptatis
926 3900 978 3962 per
999 3881 1110 3960 aliquot
1125 3900 1218 3943 annos
1235 3881 1333 3944 multis
1349 3891 1379 3942 et
1393 3880 1491 3942 direr-

138 3986 179 4048 sis
208 3986 324 4047 tandem
354 3987 388 4047 ad
411 3985 596 4046 stabilitatem
620 3993 792 4065 perventum
822 3995 868 4047 est
889 3987 1049 4047 constituto
1071 3989 1216 4065 praelecto
1239 4003 1371 4047 annonae
1394 3971 1492 4064 equite

138 4087 271 4149 Romano
293 4088 332 4168 (r.
356 4086 528 4150 Stautrrecbt
549 4086 582 4160 2,
606 4086 691 4163 992).

242 4191 298 4252 Sed
328 4193 440 4252 curatio
468 4209 599 4252 annonae
623 4191 755 4265 urbicae,
783 4211 871 4272 quam
897 4192 1046 4271 Augustus
1068 4190 1116 4252 bio
1142 4194 1307 4272 suscepisse
1329 4211 1360 4254 se
1383 4190 1493 4266 scribit,

144 4295 265 4356 minime
292 4294 496 4356 continebatur
523 4295 802 4357 frumentationibus
831 4296 909 4377 plebi
938 4295 1066 4357 urbanae
1092 4295 1247 4357 concessis.
1291 4295 1391 4376 Neque
1414 4295 1493 4357 enim

140 4399 289 4477 pertinent
316 4398 352 4458 ad
374 4398 426 4459 has
449 4417 522 4478 quac
545 4407 645 4460 narrat
666 4399 720 4460 Dio
736 4400 786 4473 55,
809 4398 850 4462 26
878 4419 967 4479 agens
990 4400 1024 4461 de
1047 4418 1163 4461 summa
1185 4399 1303 4462 caritate
1326 4399 1394 4460 anni
1418 4400 1492 4462 759:

142 4496 256 4583 ἄνδρες
288 4496 504 4574 incredulitas
538 4501 596 4564 irai
627 4524 663 4564 ae
691 4503 749 4565 τοῦ
776 4505 870 4565 σίτου
898 4503 953 4565 καὶ
982 4501 1040 4564 ἐπὶ
1067 4505 1125 4565 τοῦ
1153 4499 1251 4585 ἄρτου
1278 4505 1492 4584 κατέστησαν,

141 4596 222 4666 ὥστε
242 4603 361 4668 τακτὸν
376 4602 502 4688 ἑκάστῳ
519 4602 791 4688 πιπράσκεσθαι·
814 4605 961 4669 ἐπέδωκε
983 4605 1042 4688 μὲν
1064 4607 1125 4690 γὰρ
1148 4607 1204 4668 καὶ
1230 4615 1356 4687 προῖκα
1378 4601 1395 4669 ὁ
1424 4603 1494 4669 Αὕ-

141 4723 276 4781 γουστος
297 4716 367 4781 τοῖς
389 4705 675 4794 σιτοδοτουμένοις
696 4709 854 4773 τοσοῦτον
877 4713 986 4794 ἕτερον
1008 4705 1088 4774 ὅσον
1110 4704 1162 4773 ἀεὶ
1185 4705 1385 4793 ἐλάμβανον,
1413 4718 1443 4772 et
1463 4710 1493 4771 in
