3525 5417
234 279 296 342 120
835 272 869 341 V,
889 275 923 330 35
943 275 976 330 36

228 453 366 535 confecit)
394 462 424 516 et
449 453 612 535 imperante
639 451 757 515 Claudio
779 453 962 535 Pomponius
984 453 1056 515 llela
1083 472 1151 516 cum
1174 453 1319 518 Baeticam
1343 455 1588 537 Lusitaniamque

227 558 422 638 distinguant,
449 565 586 620 neutram
614 565 777 638 agnoscunt
802 557 906 620 aetatis
934 558 1082 638 Augustae
1112 567 1247 621 auctores
1260 557 1296 640 Ι);
1323 579 1378 622 nec
1404 561 1483 624 tituli
1503 571 1588 623 certa
1645 553 1649 558 ’

227 672 400 744 argumenta
421 661 623 744 suppeditant,
651 679 686 721 er
708 659 816 741 quibus
838 662 952 725 eluceat
973 661 1137 744 provincias
1159 682 1208 726 eas
1229 665 1320 727 tuisse
1342 673 1410 727 ante
1432 663 1586 727 Tiberium

229 767 332 844 (Orelli
354 763 451 828 3128:
487 767 539 847 166.
570 764 611 828 Τι’.
635 763 765 827 Cauniis
794 765 862 846 Aug.
883 784 963 847 prov.
987 765 1114 830 1661166.
1137 767 1240 830 6611616
1262 769 1332 831 (1.1.
1353 768 1387 831 L.
1404 769 1430 830 ll
1450 787 1481 830 n.
1497 769 1585 846 473).

227 872 323 944 Quare
344 870 512 944 videndum,
535 887 572 931 ne
595 867 762 932 ulteriorem
786 869 921 934 Tiberius
945 870 1037 951 magis
1060 890 1148 951 quam
1170 870 1321 952 Augustus
1343 871 1514 953 diviserit2).

325 974 359 1036 lu
381 972 539 1055 provinciis
559 991 635 1052 quae
656 972 765 1035 absunt
786 973 823 1035 ab
843 973 977 1052 Augusto
998 973 1093 1035 nullas
1115 973 1243 1037 colonias
1265 975 1405 1038 deductas
1424 995 1490 1038 6666
1502 985 1587 1038 66616

226 1097 261 1140 ex
282 1078 422 1140 laterculo
444 1076 600 1157 colligitur,
621 1093 677 1137 nec
697 1076 781 1138 facile
802 1076 980 1139 coniecturis
1000 1075 1198 1140 recentiorum
1223 1088 1325 1142 contra
1348 1079 1441 1161 ipsius
1457 1080 1587 1158 Augusti

225 1181 375 1244 silentium
397 1181 480 1244 locus
502 1180 614 1243 dandus
637 1187 691 1242 est.
734 1179 854 1242 Praeter
876 1179 1038 1261 illyricum,
1065 1181 1100 1243 de
1123 1203 1181 1263 quo
1204 1183 1338 1266 proximo
1360 1185 1454 1266 rapite
1476 1184 1585 1264 agitur,

224 1285 406 1366 provinciae,
429 1303 504 1365 quae
525 1284 688 1347 secundum
710 1283 741 1346 id
761 1283 890 1346 colonias
911 1284 948 1347 ab
969 1285 1103 1366 Augusto
1126 1285 1265 1350 deductas
1286 1287 1383 1349 nullas
1404 1287 1584 1361 habueruut,

223 1390 278 1452 hae
300 1392 433 1451 luerunt:

323 1491 465 1556 Sardinia.
510 1491 610 1554 166616
636 1489 772 1554 tuens
798 1492 910 1554 6616616
935 1491 1013 1556 lulio
1043 1493 1153 1574 (geogr.
1173 1492 1243 1556 liav.
1265 1495 1298 1568 5,
1322 1493 1377 1570 263
1407 1495 1444 1555 61.
1465 1492 1583 1556 Plinius

386 1595 417 1657 h.
431 1613 462 1656 n.
478 1593 511 1669 3,
540 1596 568 1667 7,
591 1593 632 1656 85
654 1603 686 1656 et
706 1593 738 1655 6.
752 1593 775 1655 l.
791 1593 866 1656 bx
888 1615 917 1677 p.
934 1595 1007 1674 816)
1034 1595 1108 1658 nihil
1133 1595 1256 1678 impedit
1280 1597 1441 1678 quominus
1468 1597 1584 1660 consti-

387 1706 450 1760 tuta
472 1697 548 1760 6116
571 1696 692 1760 Caesam
715 1696 864 1761 dictatore.

322 1801 429 1863 Galliae
470 1812 532 1864 tres
574 1820 642 1864 cum
676 1801 839 1864 Germaniis
880 1801 1002 1865 duabus.
1058 1801 1133 1866 Hinc
1171 1803 1261 1886 igitur
1291 1822 1468 1884 magnopere
1505 1822 1583 1866 con-

387 1904 498 1967 iectura
521 1903 674 1966 adiuvatur
696 1905 839 1967 coloniam
861 1905 964 1968 Iuliam
988 1905 1160 1987 Equestrem
1184 1906 1292 1987 (Neon)
1315 1907 1422 1969 GaBiae
1440 1907 1579 1987 Belgicae

387 2027 446 2070 nou
469 2007 506 2070 ab
520 2008 652 2088 Augusto
674 2009 827 2072 deductam
850 2030 924 2086 esse,
948 2010 998 2074 sed
1021 2031 1037 2072 a
1052 2011 1174 2074 Caesare
1189 2011 1338 2073 dictatore.
1354 2044 1395 2055 -
1411 2009 1470 2072 Nec
1484 2011 1583 2089 magis

385 2111 443 2173 iam
471 2111 569 2174 licebit
589 2112 736 2192 Augustae
758 2113 945 2176 Trevimmm
973 2115 1019 2177 ius
1047 2114 1176 2177 coloniae
1205 2132 1376 2177 concessum
1405 2115 1581 2176 6616670

386 2214 518 2296 (Tacitus
538 2215 607 2278 hist
630 2217 660 2291 4,
675 2215 726 2279 62.
742 2217 796 2297 72)
819 2236 835 2279 a
857 2217 954 2298 primo
975 2219 1108 2298 Augusto
1129 2227 1270 2300 repetere.

322 2317 433 2380 Raetia.

321 2421 471 2484 Noricum.

321 2524 457 2606 Bithynia
477 2533 508 2588 et
528 2525 652 2588 Pontus.

321 2629 445 2704 Galatia,
474 2629 588 2692 Pontus
610 2627 770 2703 Galaticus,
793 2627 998 2711 Paphlagonia,
1021 2628 1162 2712 Phrygiae
1184 2649 1261 2712 pars,
1284 2630 1436 2712 Lycaonia,
1455 2631 1579 2694 Isauria.

387 2732 536 2795 Coloniam
564 2733 679 2795 Parlaiu
708 2730 833 2795 Pisidiae
870 2733 963 2814 magis
993 2753 1080 2814 quam
1109 2735 1270 2817 Lycaoniae
1296 2735 1462 2816 Augustum
1488 2735 1580 2797 attri-

384 2835 483 2899 Buisse
504 2835 596 2899 videri
617 2854 706 2919 supra
727 2856 757 2919 p.
771 2837 832 2898 119
854 2837 1082 2900 observavimus.

320 2937 429 3002 Cilicia.

321 3040 443 3123 Cyprus.

321 3144 414 3208 Creta.
459 3145 604 3208 Cnossum
627 3144 771 3207 coloniam
793 3146 824 3207 in
846 3147 941 3209 insula
957 3147 1042 3210 Creta
1062 3154 1162 3209 notam
1186 3146 1244 3209 iam
1268 3147 1406 3210 strahoni
1428 3147 1578 3227 (1619

383 3249 503 3330 6471)
524 3267 703 3330 quamquam
726 3249 813 3312 hodie
834 3253 895 3312 lere
916 3253 1105 3314 consentiunt
1124 3249 1307 3331 (llarquardt
1320 3252 1339 3313 l.
1356 3269 1382 3312 c.
1397 3271 1425 3331 p.
1441 3251 1517 3328 464)
1536 3249 1578 3311 ab

382 3351 514 3434 Augusto
535 3353 692 3416 deductam
713 3372 777 3416 6666
798 3362 953 3436 propterea
975 3353 1054 3435 quod
1077 3353 1196 3429 111649,
1213 3356 1253 3417 14
1274 3374 1344 3417 eum
1366 3354 1468 3417 scribit
1485 3354 1578 3416 Cam-

381 3456 466 3537 panis
493 3476 597 3538 agrum
618 3456 649 3517 iu
671 3457 781 3538 pertica
804 3456 995 3520 Cnossiorum
1017 3457 1229 3537 adsignavisse,
1257 3457 1334 3520 idem
1361 3461 1456 3520 iacere
1476 3456 1579 3538 potuit

383 3560 496 3623 colonia
517 3560 639 3623 deducta
659 3580 675 3622 a
690 3569 774 3643 patre
788 3561 947 3642 disponens
962 3561 1003 3624 ita
1018 3561 1054 3623 66
1067 3564 1137 3642 agrb
1152 3561 1282 3624 coloniae
1296 3561 1412 3635 relict03
1434 3569 1464 3622 61
1477 3559 1578 3622 obstat

382 3663 487 3744 origini
508 3665 545 3726 ab
565 3665 698 3745 Augusto
721 3665 870 3741 deductae,
893 3666 972 3748 quod
992 3665 1022 3728 in
1043 3682 1167 3728 nummo
1181 3682 1276 3745 nuper
1289 3663 1402 3746 prolato
1417 3662 1576 3726 libertinus

320 3850 342 3914 ¹)
364 3853 459 3904 Verum
482 3859 523 3903 ast
544 3851 610 3918 apud
627 3851 730 3904 Livium
753 3853 806 3918 legi
825 3855 867 3917 28,
879 3855 911 3906 2:
935 3855 1036 3905 Poenam
1058 3869 1118 3904 6666
1133 3856 1221 3904 castra
1237 3855 1292 3902 tum
1307 3851 1379 3917 forte
1395 3849 1431 3902 66
1445 3851 1577 3902 ennom

218 3939 319 3988 animoa
340 3940 367 3988 in
385 3937 491 3990 Baetica
512 3938 674 3990 contiunculas
689 3941 718 3990 in
732 3939 788 4004 fide
805 3942 926 4006 dudm&
950 3941 1118 3992 6166616616
1137 3936 1242 3989 Baetica
1260 3953 1289 3989 ao
1308 3953 1356 4004 quo
1375 3939 1494 4002 leguntur
1512 3935 1574 3986 1666

219 4019 283 4073 16661
307 4039 380 4089 66666
398 4032 491 4087 negant
508 4025 626 4076 Balarus
643 4033 671 4076 et
688 4025 835 4090 Madvigius
852 4032 939 4091 66616,
964 4025 1164 4093 crediderimque
1183 4039 1212 4076 ea
1232 4039 1280 4075 666
1299 4024 1485 4091 transponenda
1503 4037 1574 4086 6666,

218 4111 263 4160 666
281 4110 389 4162 6616666
405 4117 493 4178 616616
505 4111 634 4178 adscripta
646 4111 678 4162 ad
689 4112 895 4178 antiquissimum
907 4111 1004 4163 hiatum
1017 4109 1176 4179 explendum.
1207 4109 1271 4162 Narra
1284 4111 1355 4162 66116
1367 4110 1424 4162 1666
1438 4116 1575 4177 praeterea

217 4211 263 4262 pro
282 4196 408 4248 ulteriore
426 4197 547 4264 llispania
564 4197 692 4248 Baeticam
710 4195 801 4250 Livius
819 4197 922 4250 videtur
941 4213 1085 4266 usurpasse.

316 4283 337 4345 ¹)
356 4282 544 4350 llarquardtius
555 4283 806 4352 Stantrueracolteug
825 4283 948 4351 116111
966 4285 1031 4351 quod
1050 4285 1168 4351 66666611
1186 4284 1222 4336 116
1239 4283 1359 4360 Straboni
1376 4284 1408 4336 66
1426 4283 1576 4336 66166161·

216 4368 289 4419 sione
312 4368 409 4435 aliquid
429 4369 598 4422 adnotandum
619 4369 700 4422 luisse
723 4386 773 4420 666
794 4369 900 4421 multum
918 4369 1144 4438 6666661616161,
1167 4385 1223 4422 6616
1240 4369 1393 4437 praesertim
1411 4367 1574 4434 aliquatenus

216 4537 339 4596 6116616
356 4543 394 4609 τῷ
413 4534 543 4610 παρόντι.
574 4543 650 4595 66616
668 4542 733 4610 qnod
751 4544 806 4610 ipse
823 4543 920 4594 conicit
937 4551 1044 4610 utraque
1056 4543 1177 4609 llispania
1193 4539 1337 4607 significant
1354 4557 1403 4592 666
1422 4541 1571 4593 citeriorem

136 4623 144 4644 ⁶
216 4634 243 4677 61
251 4626 409 4694 ulteriorem,
418 4629 464 4681 sed
473 4629 664 4696 imperatorium
673 4635 770 4698 partem
781 4637 807 4681 61
818 4630 981 4695 senatoriam,
990 4629 1121 4680 constanti
1130 4637 1247 4680 veterum
1257 4627 1435 4680 consuetudini
1444 4633 1573 4694 repugnat

215 4721 242 4764 61
260 4712 325 4765 male
342 4715 491 4766 obtruditur
507 4717 608 4767 auctori
625 4717 751 4769 66666616
770 4731 818 4768 666
836 4731 946 4768 summae
965 4715 1116 4781 elegantiae,
1134 4715 1177 4766 666
1197 4715 1280 4767 166166
1297 4715 1473 4782 proprietatis.
