3525 5417
259 1479 360 1556 'utrm
392 1493 503 1555 Rerum
529 1489 678 1570 gestarum
701 1487 759 1550 divi
780 1488 919 1567 Augusti,
942 1487 1050 1567 quibus
1073 1486 1174 1548 orbem
1199 1488 1360 1565 temporo]
1380 1487 1504 1568 imperio

319 1574 321 1577 Ι
347 1617 360 1659 a
389 1595 490 1677 populi
511 1591 664 1673 Rom(ani)
684 1589 688 1672 Ι
708 1591 841 1662 subiecit,
865 1594 882 1665 ξ
905 1599 934 1651 et
957 1589 1157 1669 inpensarum,
1179 1609 1252 1670 quas
1275 1591 1304 1651 in
1326 1610 1388 1651 rem
1406 1592 1504 1671 publi-

348 1721 361 1762 a
391 1719 454 1761 eam
478 1699 678 1780 populumque
701 1694 884 1772 llo[mo]num
906 1694 983 1768 lecit,
1005 1693 1165 1755 incisarum
1186 1690 1190 1776 Ι
1210 1694 1240 1754 in
1256 1694 1369 1756 duabus
1385 1696 1503 1756 aireneis

390 1804 468 1884 pilis,
490 1820 566 1882 quae
588 1800 677 1877 sololt
697 1799 807 1859 Rornae
829 1797 951 1877 positae,
976 1798 1123 1878 exemplar
1146 1797 1340 1876 subideotum.

318 1927 363 1968 on.
397 1904 721 1987 Μεθηρμηνευμέναι
743 1895 985 1982 ὑπεγράφησαν
1006 1899 1141 1979 πράξεις
1164 1923 1198 1962 τε
1221 1903 1277 1961 καὶ
1300 1898 1421 1983 δωρεαὶ
1444 1903 1505 1962 Σε-

392 2009 516 2088 βαστοῦ
539 2007 637 2080 θεοῦ,
661 2000 700 2078 ἃς
722 1999 888 2066 ἀπέλιπεν
909 2001 968 2065 ἐπὶ
988 2000 1109 2086 Ῥώμης
1132 2003 1410 2086 ἐγκεχαραγμένας
1426 2002 1506 2083 χαλ-

392 2122 466 2184 καῖς
488 2106 624 2192 στήλαις
646 2107 733 2171 δυσί.
1514 2111 1522 2126 “

147 2241 304 2322 Inscriptio
337 2261 426 2320 supra
462 2242 568 2322 scripta
601 2239 632 2299 in
660 2237 764 2298 Latino
797 2236 932 2315 exemplo
964 2235 1155 2297 continuatur
1189 2254 1278 2316 super
1306 2245 1366 2298 tres
1396 2237 1508 2317 primas

147 2341 286 2420 paginas,
312 2340 343 2400 in
367 2340 476 2401 Graeco
505 2359 593 2420 super
623 2342 743 2422 paginas
770 2340 880 2420 primas
909 2339 1009 2400 decem
1032 2345 1062 2400 et
1084 2346 1212 2419 septem3
1235 2341 1362 2418 reliquae
1385 2342 1506 2420 paginae

148 2444 271 2505 Latinae
300 2454 358 2504 tres
388 2452 419 2505 et
441 2444 565 2505 Graecae
595 2445 669 2506 duae
699 2443 979 2524 superscriptionem
1002 2442 1112 2502 nullam
1135 2443 1252 2505 liabent.
1298 2443 1405 2505 Graeca
1429 2463 1507 2505 nuno

149 2548 281 2626 primurn
307 2547 419 2626 integra
442 2547 555 2619 editur;
577 2556 662 2608 antea
684 2548 925 2626 suppleveramus
947 2541 1150 2622 [κατΙέλιπεν.

252 2649 388 2711 Testibus
412 2649 553 2710 Suetonio
576 2650 661 2730 (nug.
680 2651 750 2710 101.
773 2649 836 2710 Tib.
852 2649 907 2728 23)
930 2658 960 2710 et
982 2647 1074 2709 llione
1096 2649 1159 2728 (56,
1176 2649 1230 2728 33)
1254 2667 1312 2711 una
1333 2669 1401 2710 curn
1418 2660 1509 2711 testa-

149 2761 253 2813 mento
287 2772 341 2813 suo
369 2754 519 2832 Augustus
553 2753 689 2833 deposuit
720 2753 796 2832 apud
831 2753 958 2832 virgines
988 2752 1115 2814 Vestales
1149 2751 1204 2814 tria
1238 2753 1386 2814 volumina
1419 2773 1510 2833 aeque

148 2856 279 2934 signata,
309 2875 385 2936 quae
410 2866 479 2937 post
505 2857 619 2918 obitum
646 2856 709 2917 eius
738 2857 768 2918 in
796 2867 931 2918 senatum
954 2855 1048 2917 adlata
1070 2855 1170 2935 ibique
1191 2865 1290 2936 aperta
1313 2867 1343 2918 et
1364 2877 1379 2918 a
1404 2867 1510 2938 nepote

149 2958 249 3020 Druso
270 2959 390 3020 recitata
417 2969 495 3021 sunt.
548 2960 660 3021 llorum
689 2959 777 3021 trium
810 2959 993 3021 voluminum
1022 2977 1081 3021 uno
1108 2959 1244 3021 mandata
1272 2961 1308 3021 de
1329 2963 1433 3022 funere
1456 2981 1511 3023 suo

149 3063 389 3142 comprehendit,
420 3063 511 3124 altero
534 3063 625 3124 edidit
647 3063 822 3124 breviarium
847 3063 937 3124 totius
961 3062 1076 3142 imperii
1098 3063 1147 3141 (ol.
1170 3062 1289 3124 Tacitus
1312 3083 1379 3124 ann.
1407 3067 1432 3137 1,
1459 3066 1512 3138 11;

149 3164 204 3226 [tio
230 3164 281 3237 53,
302 3165 366 3244 30),
389 3166 477 3228 tertio
498 3167 621 3228 indicem
641 3185 740 3228 rerum
763 3187 780 3228 u
802 3185 831 3227 se
851 3180 1004 3246 postumam,
1028 3185 1110 3247 poem
1131 3166 1215 3228 vellet
1236 3169 1325 3228 decidi
1344 3172 1376 3228 io
1398 3168 1511 3230 atrocis
1600 3241 1604 3250 δ

148 3268 274 3341 tubulis,
302 3289 374 3349 pune
404 3280 469 3331 oute
495 3269 672 3332 mausoleum
700 3267 912 3340 stutuermstur,
945 3278 977 3331 ut
1004 3269 1045 3330 ait
1073 3269 1247 3343 Suetonius,
1276 3271 1321 3331 vel
1346 3271 1510 3332 seeundum

149 3371 276 3432 Dionem
299 3371 341 3432 τὰ
362 3368 440 3453 ἔργα
464 3367 486 3431 ἃ
508 3370 630 3453 ἔπραξε
651 3369 774 3446 πάντα,
799 3367 821 3432 ἃ
842 3372 899 3432 καὶ
921 3370 954 3445 ἐς
976 3369 1098 3450 χαλκᾶς
1121 3368 1240 3454 στήλας
1256 3368 1339 3455 πρὸς
1354 3375 1401 3455 τῷ
1417 3370 1511 3456 ἡρῴῳ
1603 3389 1607 3394 ·

149 3471 256 3536 αὑτοῦ
284 3475 469 3548 exaestuare
495 3470 727 3557 ἀναγραφῆναι
756 3471 912 3536 ἐκέλευσε.
958 3477 1085 3555 Apparet
1106 3477 1280 3538 Suetonium
1309 3476 1405 3557 ipsam
1428 3495 1511 3537 com-

150 3575 291 3638 mentarii
321 3576 543 3657 inscriptionem
566 3577 597 3638 in
620 3588 719 3640 mente
741 3578 895 3650 habuisse,
924 3597 992 3638 cum
1014 3580 1085 3639 haec
1108 3579 1239 3658 scripsit,
1267 3578 1389 3641 Dionem
1413 3590 1512 3640 autem
1568 3571 1570 3576 ’

150 3680 283 3760 pendere
304 3699 321 3740 a
344 3680 494 3752 Suetonio,
516 3700 644 3760 quocum
667 3681 702 3743 ad
726 3681 848 3741 verbum
871 3683 931 3741 lere
954 3681 1133 3742 conveniunt
1155 3701 1229 3762 quae
1251 3683 1339 3744 habet
1361 3683 1396 3742 de
1417 3682 1512 3744 tribus

150 3783 269 3855 libellis,
285 3801 353 3843 cum
370 3784 495 3863 quaeda
511 3794 615 3864 quarto
631 3804 719 3865 quern
734 3784 776 3846 ait
790 3785 874 3846 offert
889 3783 1057 3864 perturbata
1073 3785 1194 3847 omnino
1210 3785 1327 3847 aliunde
1342 3785 1508 3847 attenuerit.

151 3885 190 3947 Et
218 3886 255 3947 de
281 3886 354 3947 locis
375 3887 513 3966 quidem,
540 3887 571 3948 in
594 3888 701 3967 quibus
722 3886 828 3947 indicis
851 3887 939 3948 liuius
962 3889 1137 3967 exemplaria
1160 3889 1308 3969 proposita
1330 3899 1414 3964 sunt,
1442 3907 1510 3950 cum

153 4008 246 4068 supra
274 3988 386 4050 dictum
417 3989 469 4063 sit,
499 4000 635 4071 superest
663 4001 696 4050 ut
722 3990 887 4064 rideamus,
920 4010 979 4070 quo
1009 4001 1141 4072 tempore
1169 3992 1319 4071 Augustus
1346 4011 1414 4054 eum
1444 4011 1517 4054 oon-

153 4092 319 4174 soripserit.
363 4092 458 4165 Quem
486 4113 664 4173 quamquam
692 4102 806 4173 partem
834 4095 1052 4174 quodammodo
1079 4095 1248 4157 testamenti
1271 4095 1317 4156 sui
1339 4115 1402 4157 esse
1425 4096 1517 4158 roluit

154 4197 260 4276 scripti
288 4196 429 4257 Suetonio
459 4206 532 4258 teste
560 4197 607 4258 die
633 4197 652 4258 3
675 4197 744 4276 dpr.
767 4216 792 4258 a.
817 4198 893 4271 766,
930 4209 1027 4259 tamen
1061 4216 1121 4259 nou
1154 4199 1257 4258 eodem
1292 4209 1424 4278 tempore
1458 4200 1519 4260 sive

154 4299 228 4360 lecit
255 4299 317 4360 sive
343 4300 477 4379 perfecit,
512 4300 564 4362 sed
597 4299 653 4360 suh
679 4299 778 4379 ipsum
807 4301 927 4363 demum
963 4303 1066 4364 mortis
1099 4300 1186 4374 diem,
1221 4301 1272 4380 qui
1305 4301 1362 4362 luit
1388 4303 1423 4363 19
1445 4302 1518 4381 Aug.

155 4402 232 4464 767.
275 4400 349 4462 Nam
379 4402 509 4482 primum
540 4402 570 4462 in
597 4403 655 4463 fine
677 4403 720 4482 (6,
743 4403 798 4483 27)
820 4407 942 4467 adnotat
962 4407 1034 4467 haec
1055 4404 1209 4485 scripsisse
1231 4425 1263 4466 se
1284 4423 1394 4466 annum
1418 4405 1520 4467 aetatis

154 4514 293 4585 agentem
318 4507 566 4586 septuagesimum
590 4515 721 4578 sertum,
745 4507 797 4586 qui
818 4527 915 4570 annus
937 4509 1034 4589 coepit
1054 4509 1100 4570 die
1123 4508 1163 4569 23
1188 4509 1268 4589 Sept.
1293 4509 1363 4570 766.
1409 4509 1518 4572 lleinde

155 4607 248 4670 lustri
270 4608 349 4669 tertii
370 4610 550 4671 mentionem
574 4609 644 4671 lacit
660 4609 703 4689 (2,
719 4611 752 4688 9)
768 4611 877 4672 conditi
894 4621 927 4673 ut
941 4612 1004 4693 ipse
1027 4612 1067 4673 ait
1081 4631 1107 4672 a.
1124 4612 1195 4685 767,
1219 4622 1251 4674 ut
1266 4613 1346 4673 addit
1362 4612 1522 4674 Suetonius

156 4715 248 4795 (Aug.
271 4714 326 4788 973
354 4717 390 4775 cl.
412 4713 468 4776 llio
490 4715 545 4790 56,
568 4714 623 4795 29)
652 4715 813 4776 centesimo
839 4719 902 4777 lere
929 4727 997 4777 ante
1027 4723 1154 4776 mortem
1181 4713 1306 4793 Augusti
1333 4714 1392 4786 die,
1420 4714 1450 4774 id
1478 4724 1524 4774 est

1348 4817 1362 4868 l
