3525 5417
265 294 307 356 26
863 289 887 358 1,
906 292 1011 346 ae-ac

265 470 446 544 universum,
479 489 654 552 quamquam
682 478 712 531 et
739 471 801 552 ipse
823 469 1010 553 potissimum
1033 475 1139 533 famem
1162 489 1187 532 a.
1205 469 1267 532 759
1288 471 1419 552 respicit,
1450 471 1612 533 Suetonius

264 575 336 654 bug.
352 575 407 636 ll:
428 578 608 656 frumentum
628 592 737 656 qaoqm
758 579 789 636 fn
811 594 944 638 annonae
966 576 1181 656 difficultatibus
1201 593 1282 655 saepe
1298 575 1443 646 bussuto,
1466 576 1613 638 maon

262 679 344 740 nullo
368 684 459 758 pretio
488 683 595 741 etrum
622 679 771 740 metenses
793 691 833 740 eat
854 690 1024 759 tesserasque
1045 681 1223 741 nummarias
1244 678 1406 758 duplicaret.
1449 677 1523 740 Naro
1546 681 1613 739 fru-

263 791 396 844 mentum
430 783 577 863 publicum
610 783 670 843 sire
702 782 759 843 liro
792 782 886 862 pretio
917 782 993 863 plebi
1019 782 1249 844 distribuebatur
1278 781 1338 843 sive
1360 783 1441 844 nullo
1466 781 1510 862 (id
1533 785 1612 863 quod

262 902 363 945 verum
388 903 452 946 esse
475 895 542 964 pust
562 884 634 945 alios
655 884 755 947 docuit
776 884 846 947 Otto
869 885 1031 946 Hirschfeld
1054 885 1196 965 Philologi
1218 905 1243 948 a.
1269 885 1349 948 1870
1371 905 1399 966 p.
1426 885 1474 960 13,
1495 905 1613 948 errores
1686 903 1688 906 ·

262 1005 278 1047 a
307 1005 353 1048 me
381 987 536 1068 aliquando
562 988 737 1050 commissos
762 996 841 1050 recte
868 989 1055 1069 emendans),
1081 1007 1214 1050 annonae
1236 988 1391 1050 difficultas
1412 1007 1473 1051 non
1494 991 1611 1071 plebem

262 1101 361 1170 gravat
383 1106 456 1170 quae
478 1095 659 1153 frumentum
682 1092 794 1173 accipit,
817 1091 867 1153 sed
890 1111 952 1153 rem
975 1092 1130 1172 publicam.
1174 1091 1277 1170 Agitur
1303 1091 1392 1170 igitur
1414 1091 1460 1153 iris
1483 1092 1554 1154 loeis
1577 1094 1613 1154 de

261 1211 393 1256 annonae
420 1195 538 1257 carimte
566 1194 605 1255 ita
636 1194 798 1265 sublevata,
829 1203 862 1255 ut
890 1197 1072 1256 frumentum
1096 1193 1189 1275 pretio
1211 1194 1289 1256 iusto
1311 1194 1418 1256 leviore
1439 1214 1476 1256 ex
1496 1195 1612 1258 horreis

261 1296 401 1378 principis
422 1298 452 1358 in
476 1297 547 1358 urbe
568 1298 724 1359 emendum
747 1307 969 1378 proponeretur,
991 1298 1137 1360 interdum
1160 1298 1232 1358 adeo
1254 1296 1291 1357 ab
1313 1297 1522 1378 accipientibus
1543 1317 1614 1379 pre-

261 1400 335 1462 tium
365 1401 479 1463 nullum
508 1402 679 1480 exigeretur.
723 1399 794 1462 Nam
822 1401 1056 1464 intrumentum
1080 1401 1238 1480 gratuitum
1261 1401 1316 1462 etsi
1338 1400 1449 1462 civibus
1471 1400 1613 1465 Romanis

260 1502 381 1564 urbanis
402 1502 438 1564 ad
461 1520 570 1564 annum
593 1520 686 1582 usque
709 1502 770 1563 752
791 1503 838 1566 ius
860 1507 918 1566 fuit
939 1505 1077 1566 omuibus
1099 1504 1227 1585 exeeptis
1246 1504 1430 1566 senatoribus
1445 1503 1612 1584 equitibus·

260 1625 319 1687 que
344 1605 494 1678 Romanis,
527 1615 595 1688 post
624 1625 691 1667 eum
717 1626 828 1668 anuum
851 1608 927 1688 parti
949 1627 1050 1670 eorum
1074 1609 1159 1688 longe
1182 1606 1333 1679 maximae,
1357 1625 1391 1668 eo
1414 1607 1477 1668 solo
1498 1627 1611 1688 nequa-

261 1727 349 1790 quam
372 1728 505 1771 annonae
527 1711 597 1772 satis
619 1709 769 1790 provisum
791 1720 872 1794 erat.¹
906 1711 946 1772 Ut
967 1711 1082 1773 mittam
1112 1710 1142 1772 in
1169 1729 1202 1772 ea
1224 1728 1255 1770 re
1278 1708 1366 1772 etiam
1388 1709 1610 1790 peregrinorum

260 1813 290 1873 in
320 1813 392 1875 urbe
421 1813 587 1892 degentium
616 1816 746 1894 adeoque
775 1833 926 1876 serrorum
955 1813 1119 1875 necessario
1146 1814 1289 1876 rationem
1320 1812 1482 1876 habendam
1509 1814 1611 1890 fuisse,

260 1916 504 1978 frumentationes
525 1917 623 1978 civiles
644 1935 704 1978 non
731 1917 771 1979 ita
798 1927 981 1998 comparatae
1003 1926 1099 1991 erant,
1127 1925 1161 1978 ut
1182 1916 1218 1978 iis
1241 1916 1310 1978 solis
1333 1918 1438 1978 domus
1460 1927 1613 1980 sustenta-

261 2030 379 2092 rentur,
408 2021 458 2080 sed
488 2019 641 2100 plerasque
666 2039 767 2081 earum
791 2030 910 2102 propter
931 2020 1037 2082 liberos
1060 2038 1269 2099 servorumque
1291 2019 1414 2082 familias
1436 2020 1473 2082 ab
1494 2039 1613 2084 annona

261 2123 431 2204 pependisse
453 2141 552 2184 rerum
576 2125 714 2186 memoria
738 2124 901 2186 luculenter
922 2124 1058 2185 ostendit.
1090 2123 1143 2184 Cui
1158 2122 1367 2203 ingravescenti
1383 2125 1531 2203 quomodo
1546 2126 1613 2206 opi-

262 2227 345 2289 tulati
372 2226 432 2288 sint
457 2227 619 2309 principes,
653 2227 836 2306 aliquatenus
863 2247 898 2288 ex
921 2247 1008 2309 supra
1030 2226 1133 2289 adlatis
1156 2226 1226 2288 locis
1248 2235 1381 2307 apparet,
1415 2227 1523 2307 quibus
1544 2229 1612 2290 addi

261 2338 358 2412 potest
379 2331 457 2410 quod
478 2330 567 2392 babet
588 2329 640 2392 Dio
657 2330 706 2403 53,
730 2330 749 2390 2
771 2331 806 2392 ad
829 2351 853 2392 a,
871 2330 951 2392 726.-
974 2331 1017 2413 aqi
1041 2326 1168 2411 πλήθει
1183 2325 1428 2409 τετραπλάσιον
1442 2327 1500 2392 τὸν
1515 2337 1612 2392 σῖτον

261 2431 378 2514 ἔνειμε,
400 2452 467 2495 nam
491 2433 519 2494 id
542 2437 723 2496 frumentum
747 2434 775 2495 si
795 2434 884 2513 gratis
907 2433 1031 2494 divisum
1056 2441 1142 2506 esset,
1166 2433 1230 2493 sine
1251 2431 1341 2492 dubio
1362 2431 1513 2511 Augustus
1536 2432 1613 2494 inter

260 2536 447 2598 liberalitates
468 2554 528 2597 non
551 2537 707 2599 omisisset.
752 2536 811 2598 Nec
835 2537 904 2598 mihi
928 2536 1043 2598 videtur
1064 2535 1180 2598 delendi
1202 2554 1302 2616 posse,
1336 2536 1414 2615 quod
1446 2543 1514 2615 post
1540 2536 1611 2599 alios

261 2640 391 2702 defendit
412 2639 623 2702 Hirschfeldius
645 2641 663 2700 l.
686 2660 722 2713 c,
746 2649 871 2702 tesseras
894 2641 1074 2702 nummarias
1097 2658 1157 2701 uno
1179 2639 1243 2700 loco
1265 2655 1353 2719 supra
1375 2637 1462 2701 citato
1477 2639 1612 2701 inventas

261 2743 332 2823 (iam
354 2742 433 2803 enim
456 2742 588 2822 explosae
616 2750 687 2803 sunt
708 2743 824 2824 berglrii
849 2762 943 2823 nugae
973 2743 1158 2817 artificiosae,
1188 2741 1295 2820 quibus
1324 2749 1448 2802 tesseras
1471 2761 1521 2803 eas
1543 2741 1614 2804 huic

261 2845 350 2907 indici
371 2845 399 2918 3,
424 2845 463 2906 ld
486 2844 561 2906 male
583 2846 714 2922 intrusit)
736 2848 815 2927 ipsas
836 2865 901 2908 esse
923 2847 1129 2908 frumentarias
1144 2863 1230 2926 saepe
1250 2855 1435 2918 memoratas,
1458 2845 1508 2908 sed
1531 2846 1612 2926 quod

261 2967 369 3011 nomen
397 2947 506 3010 indicat
531 2967 579 3009 res
605 2967 722 3029 quoque
751 2950 868 3030 flagitat,
896 2953 1078 3012 frumentum
1102 2959 1246 3029 quatenus
1269 2947 1358 3028 gratis
1380 2946 1612 3023 ministrabatur,

261 3051 385 3114 dfrisum
408 3070 473 3114 esse
490 3052 570 3112 ⁴datis
592 3051 711 3114 tesseris
733 3053 947 3127 frumentariis,
970 3060 1115 3132 quatenus
1137 3051 1255 3113 venibat
1275 3052 1382 3114 leviore
1403 3050 1514 3132 pretio,
1537 3052 1614 3114 datis

260 3154 444 3216 nummariis.
489 3155 605 3216 Scilicet
625 3157 676 3235 qui
698 3155 786 3216 rebus
808 3165 941 3236 praeerat
962 3173 1030 3217 cum
1057 3153 1273 3228 constituisset,
1304 3163 1448 3234 quantum
1470 3157 1613 3218 frumenti

260 3276 319 3338 quo
340 3258 434 3338 pretio
455 3257 495 3319 ita
517 3258 694 3319 venumdare
715 3259 849 3339 placeret,
872 3258 1058 3320 admissionis
1080 3259 1115 3319 ad
1134 3257 1210 3318 hanc
1224 3257 1425 3319 liberalitatem
1445 3267 1476 3319 et
1489 3277 1613 3320 mensu-

260 3379 309 3423 rae
341 3361 433 3423 ofiicia
466 3361 590 3422 discreta
616 3361 708 3423 fuisse
734 3371 867 3441 apparet,
903 3362 1015 3440 utqui
1041 3359 1118 3421 illam
1147 3368 1318 3441 expeterent
1345 3369 1463 3441 recepto
1489 3361 1613 3424 nomine

260 3475 291 3526 et
304 3465 398 3546 pretio
414 3463 518 3536 soluto,
531 3465 679 3526 interdum
695 3461 782 3526 etiam
798 3461 922 3524 remisso
938 3471 1077 3525 tesseram
1094 3463 1261 3543 acciperent
1274 3471 1368 3544 etper
1378 3481 1441 3525 eam
1454 3464 1615 3526 exhorreis

260 3571 451 3629 frumentum.
483 3565 544 3626 lloc
564 3566 602 3627 ita
618 3569 727 3628 factum
744 3585 816 3640 esse,
832 3576 866 3627 ut
881 3566 1004 3646 singulis
1019 3567 1103 3628 annis
1118 3568 1218 3629 eadem
1234 3569 1294 3627 fere
1308 3566 1449 3628 bumenti
1464 3567 1614 3647 quantitas

260 3671 363 3731 eodem
389 3671 484 3750 pretio
512 3671 637 3741 veniret,
667 3678 698 3730 et
725 3688 778 3750 per
807 3688 838 3730 se
868 3669 1012 3730 rationem
1043 3669 1130 3731 habet
1156 3678 1186 3731 et
1206 3688 1241 3730 eo
1264 3669 1499 3742 commendatur,
1533 3669 1614 3749 quud

260 3772 291 3833 iu
315 3771 432 3834 tributis
455 3772 490 3833 de
513 3791 567 3832 suo
583 3772 727 3834 solvendis
743 3773 892 3852 Augustus
910 3773 1034 3834 similem
1051 3772 1195 3835 rationem
1211 3780 1329 3834 secutus
1344 3779 1389 3833 est
1405 3778 1444 3849 (r.
1460 3772 1495 3834 ad
1511 3771 1541 3845 3,
1558 3771 1613 3852 40)

260 3884 291 3936 et
311 3874 379 3936 inde
401 3874 553 3955 colligitur,
576 3875 654 3954 quod
676 3884 757 3937 extra
779 3877 922 3950 ordinem,
946 3875 1005 3937 sive
1028 3875 1209 3938 necessitatis
1229 3893 1315 3937 causa
1331 3874 1389 3936 sire
1412 3875 1450 3936 ob
1465 3875 1612 3956 publicam

259 3977 408 4053 laetitiam,
439 3989 567 4040 tesserae
600 3979 782 4041 nummariae
815 3980 1001 4061 duplicantur
1030 3981 1074 4041 vel
1096 3979 1366 4061 quadmplicantur.
1411 3978 1473 4040 lloc
1496 3987 1611 4042 tautum

261 4083 380 4144 nomine
409 4083 650 4144 frumentationes
677 4083 820 4162 gratuitae
848 4093 879 4145 et
906 4083 1047 4145 frumenti
1078 4083 1203 4145 venditio
1231 4082 1318 4144 rnodo
1340 4081 1416 4143 dicta
1439 4082 1613 4144 coniunctae

261 4188 394 4259 fuerunt,
421 4185 498 4265 quod
527 4195 686 4265 utrumque
708 4187 858 4267 negotium
882 4187 987 4250 Caesar
1011 4207 1065 4269 per
1090 4188 1208 4250 eosdem
1231 4185 1361 4266 perfecit,
1384 4185 1412 4246 id
1435 4185 1514 4266 quod
1537 4187 1613 4248 clare

260 4288 393 4350 enuntiat
414 4288 467 4349 Dio
496 4289 591 4351 verbis
619 4309 707 4370 supra
734 4290 844 4364 citatis,
872 4290 921 4352 sed
950 4292 1036 4352 etiam
1065 4290 1170 4352 clarius
1198 4308 1233 4350 ex
1259 4288 1395 4350 universa
1416 4306 1517 4350 rerum
1540 4306 1613 4350 con-

260 4392 374 4454 dicione
401 4392 585 4480 intellegitur.
629 4393 703 4455 Nam
731 4413 818 4456 curae
847 4412 980 4456 annonae
1007 4393 1071 4454 sine
1099 4393 1187 4454 dubio
1214 4410 1281 4473 pars
1303 4391 1439 4454 facillima
1461 4393 1612 4471 negotium

259 4494 316 4558 fuit
349 4505 444 4557 certae
476 4497 647 4576 quantitatis
675 4498 815 4559 frumenti
845 4497 933 4558 certis
960 4496 1130 4558 bominibus
1158 4496 1247 4577 gratis
1275 4495 1557 4570 amministrandam
1585 4505 1616 4558 at

260 4608 295 4662 ut
322 4600 441 4680 reliquis
467 4619 588 4680 magnae
619 4601 700 4662 urbis
729 4600 833 4662 incolis
860 4604 1042 4662 frumentum
1066 4618 1182 4680 semper
1204 4608 1374 4680 suppeteret
1394 4599 1471 4662 iusta
1493 4598 1615 4678 quanti·

259 4711 319 4766 tate
348 4712 378 4765 et
400 4704 477 4765 iusto
498 4702 607 4784 pretio,
637 4723 671 4766 ea
692 4706 814 4766 deorum
836 4723 906 4767 cura
927 4705 985 4765 iam
1008 4703 1147 4785 principis
1169 4707 1244 4765 lacta
1267 4722 1354 4784 supra
1375 4702 1528 4764 hominem
1551 4712 1616 4765 erat
