3525 5417
258 341 301 406 30
855 337 878 404 Ι,
897 337 1002 392 37-39

255 483 375 580 annales
404 517 454 599 qui
481 525 640 597 supersunt
667 534 727 577 uon
756 515 901 596 aperiunt.
955 514 978 575 ll
1012 514 1158 577 contrario
1187 535 1246 596 quo
1272 524 1384 597 spectet
1412 516 1440 576 id
1462 515 1541 595 quod
1564 514 1604 577 ait

256 623 405 702 Augustus
427 628 570 701 potestate
592 619 746 681 tribunicia
768 639 855 680 usum
878 618 1009 680 effecisse
1031 637 1071 692 se,
1095 618 1235 699 quidquid
1258 630 1377 682 senatus
1391 637 1444 700 per
1458 619 1602 680 bonorem

255 725 339 789 illum
366 742 469 806 parurn
499 723 613 785 civilem
642 722 717 784 ellici
745 723 900 794 voluisset,
934 721 1004 784 satis
1033 721 1188 784 declarant.
1237 722 1311 785 Nam
1339 741 1413 804 opus
1441 741 1505 785 esse
1534 739 1603 783 eum

194 903 197 908 Ι
257 846 373 890 morum
397 827 577 888 correctione
598 835 662 888 tum
684 824 768 886 noris
789 825 902 904 legibus
924 842 990 887 cum
1014 832 1132 886 senatus
1154 825 1325 899 censuisset,
1348 826 1401 888 Dio
1420 825 1553 906 primum
1568 823 1603 886 ad

255 931 353 1011 ipsum
375 949 401 991 a.
418 928 478 989 735
500 937 600 989 narrat
620 937 754 990 senatum
769 929 882 1008 legibus
897 929 933 990 ab
955 928 1086 1007 Augusto
1108 928 1234 989 ferendis
1257 947 1364 990 nomen
1387 928 1443 990 iam
1468 937 1533 990 tum
1555 927 1604 990 in-

256 1033 364 1096 didisse
386 1033 583 1111 bugustarum
610 1040 641 1092 et
660 1031 692 1093 in
713 1052 761 1094 eas
784 1041 917 1114 paratum
940 1032 1031 1094 tuisse
1053 1031 1149 1092 iurare
1171 1027 1259 1110 (τοὺς
1286 1027 1408 1114 νόμους
1428 1029 1504 1104 τοὺς
1526 1051 1611 1112 yprae

256 1137 464 1220 φησομένους
482 1128 540 1196 ὑπ’
555 1128 656 1196 αὐτοῦ
670 1126 886 1213 Αὐγούστους
899 1132 1031 1198 ἐκεῖθεν
1046 1131 1106 1218 ἤδη
1122 1131 1368 1219 προσηγόρευον
1383 1133 1438 1196 καὶ
1454 1131 1607 1216 ἐμμενεῖν

257 1242 376 1323 σφίσιν
397 1233 520 1319 ὀμόσαι
541 1232 687 1318 ἤθελον),
712 1238 815 1301 deinde
837 1259 862 1300 a.
879 1238 940 1300 736
963 1238 1027 1318 (54,
1053 1237 1102 1313 16)
1125 1238 1202 1318 leges
1224 1238 1296 1300 latas
1318 1257 1392 1314 esse,
1414 1257 1488 1319 quae
1509 1237 1607 1300 ambi-

256 1351 320 1404 tum
341 1341 424 1401 illum
447 1339 575 1419 aliasque
597 1358 698 1420 pravas
720 1342 948 1403 consuetudines
964 1342 1106 1414 tollerent,
1129 1341 1164 1402 de
1179 1341 1300 1416 ambitu,
1323 1341 1546 1422 sumptuariam,
1571 1341 1607 1402 de

256 1445 427 1507 maritandis
455 1443 617 1505 ordinibus.
661 1443 718 1505 Eae
746 1444 824 1523 leges
851 1464 919 1508 eum
948 1445 984 1506 ab
1009 1445 1073 1525 ipso
1094 1444 1286 1506 nominentur
1308 1454 1337 1507 et
1358 1454 1511 1525 propterea
1533 1463 1608 1507 con-

256 1557 315 1610 stet
336 1567 397 1609 non
419 1567 472 1628 per
491 1547 562 1608 alios
578 1565 627 1608 eas
642 1557 757 1626 rogatas
772 1565 846 1622 esse,
868 1547 1019 1628 plebiscita
1040 1546 1150 1607 fuerint
1164 1567 1283 1610 necesse
1298 1555 1343 1610 est
1358 1547 1414 1612 lata
1429 1548 1493 1610 iure
1509 1548 1608 1609 tribu·

255 1651 347 1714 niciae
374 1649 542 1732 potestatis,
569 1650 598 1710 id
628 1649 707 1729 quod
733 1650 850 1712 aliunde
875 1669 992 1731 quoque
1015 1650 1206 1711 confirmatur
1227 1649 1411 1731 (Stoetsrecbt
1433 1651 1452 1712 2
1475 1671 1503 1732 p.
1519 1651 1606 1730 846).

256 1753 369 1834 Corpus
396 1762 495 1815 autem
524 1753 620 1832 legum
651 1752 789 1814 luliarum
812 1753 882 1816 anni
909 1753 1096 1834 potissimum
1126 1753 1186 1815 736
1209 1755 1405 1816 decemvirum
1432 1773 1474 1815 xn
1501 1754 1607 1816 tabulis

256 1856 455 1936 Corneliisque
487 1855 600 1935 legibus
632 1856 782 1918 dictatoris
816 1856 912 1918 Sullae
946 1856 1008 1918 iure
1042 1855 1204 1936 meritoque
1236 1866 1438 1938 comparatur,
1474 1874 1608 1938 quasque

258 1961 359 2023 laudes
374 1960 524 2039 Augustus
546 1959 594 2020 bie
612 1958 678 2040 ipse
699 1959 756 2021 sibi
778 1959 889 2034 tribuit,
912 1959 1022 2040 posteri
1043 1978 1160 2039 quoque
1181 1969 1259 2022 ratas
1282 1962 1455 2022 babuerunt.

354 2063 541 2126 Publieorum
566 2081 682 2124 morum
705 2066 925 2134 correctionem,
948 2081 1021 2143 quae
1044 2071 1144 2142 postea
1158 2081 1275 2142 quoque
1290 2083 1357 2144 pars
1372 2083 1462 2144 eaque
1479 2063 1607 2124 maxima

259 2167 368 2229 mansit
389 2185 526 2228 curarum
549 2165 690 2246 principis
712 2167 884 2243 (Suetonius
906 2167 969 2227 Tib.
987 2165 1027 2227 42
1042 2167 1079 2227 ol.
1096 2164 1152 2240 333
1175 2165 1293 2228 Tacitus
1308 2185 1375 2228 ann.
1391 2167 1420 2238 2,
1444 2166 1507 2244 33),
1530 2185 1607 2245 quo-

256 2271 344 2332 modo
367 2271 469 2332 eodem
492 2278 624 2350 tempore
644 2270 794 2349 Augustus
816 2279 957 2333 executus
980 2270 1026 2344 sit,
1050 2287 1118 2330 mox
1141 2268 1254 2334 dicetur
1274 2270 1311 2331 ad
1333 2269 1362 2344 2,
1385 2271 1419 2343 13
1441 2287 1508 2332 nam
1532 2287 1606 2347 quae

256 2375 292 2435 de
320 2393 354 2435 ea
382 2392 414 2434 re
444 2372 548 2435 tradita
575 2373 756 2454 accepimus,
782 2393 851 2435 eum
879 2373 1070 2435 relationibus
1100 2372 1136 2433 de
1158 2381 1276 2433 senatus
1298 2371 1422 2432 lectione
1443 2371 1606 2451 imperante

255 2477 387 2556 Augusto
410 2476 606 2538 contaminata
628 2476 718 2537 simul
739 2477 944 2538 examinentur
966 2495 1084 2538 necesse
1106 2483 1161 2536 est.
1204 2517 1207 2524 .

356 2579 465 2641 Rerum
483 2580 518 2640 de
533 2579 641 2659 quibus
655 2579 784 2642 diximus
800 2581 940 2642 memorie
952 2579 1039 2641 etiam
1051 2579 1083 2638 in
1093 2577 1224 2639 nummis
1236 2578 1390 2658 reperitur.
1416 2577 1502 2639 Extat
1517 2578 1607 2638 dena·

256 2682 320 2744 rius
334 2682 481 2744 triumviri
495 2683 649 2745 monetarii
660 2682 692 2744 L.
705 2683 819 2746 Canimi
830 2683 903 2745 Galli
918 2682 1056 2744 exhibens
1072 2680 1243 2742 subsellium
1256 2691 1286 2743 et
1296 2681 1405 2761 virgam
1419 2682 1607 2744 tribunorum

257 2785 350 2867 plebis
359 2785 383 2866 1)
406 2804 474 2847 cum
496 2785 691 2867 adscriptione
714 2789 857 2867 Augaeus
877 2798 914 2848 tr.
933 2797 992 2867 pot.
1015 2784 1130 2866 (Ceben
1144 2785 1217 2865 Aug.
1233 2804 1262 2846 n.
1279 2783 1365 2865 382),
1388 2804 1476 2866 quem
1491 2785 1609 2848 aliunde

257 2899 373 2950 constat
400 2908 505 2950 cusum
532 2909 596 2951 esse
623 2889 699 2951 inter
725 2909 751 2951 a.
775 2889 837 2951 734
865 2891 947 2971 (nam
974 2889 1083 2951 adsunt
1110 2887 1140 2949 in
1169 2889 1232 2951 aliis
1263 2889 1395 2952 eiusdem
1419 2889 1608 2968 magistratus

258 2993 391 3055 nummis
425 2991 507 3071 signa
535 3011 552 3053 a
581 2992 698 3055 Parthis
724 2993 853 3074 recepta)
879 3002 910 3055 et
936 3013 961 3055 a.
986 2991 1047 3054 739
1070 2996 1150 3067 (nam
1179 3013 1213 3054 eo
1240 2996 1300 3054 lere
1327 2992 1471 3054 eiusmodi
1492 2991 1609 3053 nummi

257 3095 326 3156 cudi
352 3094 531 3170 desieruntl3
557 3096 698 3158 accedunt
720 3096 845 3160 aliorum
873 3098 997 3158 duomm
1027 3096 1059 3156 P.
1084 3095 1213 3157 Stolonis
1240 3096 1354 3176 (Ceben
1376 3115 1406 3157 n.
1431 3093 1609 3159 lat-eoo.

258 3197 333 3272 442)
355 3198 487 3259 eiusdem
510 3200 570 3260 lere
592 3199 693 3261 aetatis
716 3209 746 3260 et
767 3198 799 3259 L.
816 3198 949 3260 blescinii
970 3197 1039 3259 lluli
1062 3197 1208 3259 triumviri
1230 3218 1255 3259 a.
1273 3199 1334 3262 738
1356 3198 1610 3278 ve1739(Goben

257 3320 288 3362 n.
311 3301 384 3363 461.
407 3301 482 3381 464)
517 3302 552 3362 ad
590 3311 678 3383 eaput
706 3302 829 3383 Augusti
859 3309 974 3383 praeter
1004 3301 1247 3364 consuetudinem
1274 3301 1472 3364 adscribentes
1502 3299 1612 3362 Caesar

259 3404 399 3484 depastas
428 3404 580 3466 tribunicio
602 3415 738 3484 potestate
771 3404 952 3466 similiterve.
1008 3403 1045 3464 lli
1073 3405 1188 3465 nummi
1216 3415 1245 3466 et
1272 3405 1418 3485 imprimis
1440 3402 1514 3466 Gabi
1540 3421 1610 3464 eum

258 3515 393 3587 tempore
416 3507 486 3568 satis
509 3507 619 3569 distent
640 3516 700 3569 tam
721 3508 757 3570 ab
778 3527 856 3578 anno
884 3507 1036 3589 potestatis
1060 3507 1230 3570 tribuniciae
1251 3517 1384 3588 acceptae
1407 3524 1495 3587 quam
1511 3505 1549 3566 ab
1565 3525 1610 3580 eo,

257 3629 316 3691 quo
343 3629 441 3672 annua
462 3611 537 3672 lacta
559 3621 605 3673 est
627 3611 702 3686 731,
730 3611 793 3673 sine
815 3611 904 3673 dubio
926 3611 956 3672 id
977 3611 1125 3672 illustrant
1147 3611 1224 3690 quod
1247 3619 1336 3689 caput
1356 3609 1413 3670 boe
1434 3607 1538 3670 indicis
1562 3625 1612 3668 ar-

259 3713 335 3794 guit,
368 3713 478 3775 scilieet
515 3733 632 3777 summa
664 3724 694 3776 et
726 3715 894 3778 difficillima
927 3713 1042 3794 negotia
1075 3724 1209 3776 recusato
1242 3712 1470 3776 extraordinario
1496 3712 1610 3772 bonore

258 3816 423 3896 Augustum
453 3814 580 3879 maxime
606 3836 659 3898 per
684 3837 710 3879 a.
734 3818 795 3880 735
826 3827 856 3880 et
885 3816 947 3880 736
976 3818 1133 3898 perfecisse
1159 3817 1223 3880 iure
1250 3815 1421 3879 tribuniciae
1446 3813 1609 3895 potestatis.

303 4109 600 4280 :wrm-W
621 4196 739 4283 ταύτης
761 4197 859 4284 αὐτῆς
880 4199 936 4284 τῆς
958 4195 1057 4284 ἀρχῆς
1076 4197 1081 4282 l
1101 4195 1304 4283 συνάρχοντα
1327 4193 1444 4276 [cnidda
1465 4192 1534 4261 ἀπὸ
1554 4195 1610 4280 τῆς

446 4322 474 4366 aa
501 4300 679 4386 συνκλήτου
701 4301 883 4384 rehabeatur
904 4302 1042 4384 αἰτήσας
1064 4300 1211 4385 [sidedera.

261 4434 390 4515 Collegae
418 4435 449 4496 in
478 4433 632 4496 tribunicia
659 4441 802 4514 potestate
822 4434 973 4513 Augustus
1000 4433 1110 4515 aceepit
1138 4432 1268 4514 primum
1290 4429 1447 4512 Agrippam
1469 4429 1501 4491 in
1522 4429 1609 4511 quin-

260 4540 423 4620 quennium
445 4557 523 4600 enno
547 4537 608 4600 736
630 4537 675 4600 rel
696 4537 793 4618 paullo
813 4545 880 4618 post
900 4537 1103 4619 (1605412,
1125 4535 1223 4598 llellei.
1240 4535 1269 4610 2,
1285 4535 1343 4609 903
1366 4533 1484 4596 Tacitus
1498 4551 1565 4596 ann.
1581 4533 1609 4606 3,

361 4766 382 4828 ¹)
403 4762 514 4829 Egregie
532 4776 587 4812 earn
605 4775 728 4812 numum
746 4759 893 4811 illustravit
911 4759 1062 4824 Borghesios
1080 4774 1134 4826 opp.
1149 4757 1173 4824 2,
1194 4759 1242 4810 122
1252 4773 1304 4826 seq.
