3525 5417
251 319 293 384 82
857 316 906 384 IV,
928 318 996 372 1-8

250 497 395 571 tradatur,
422 494 588 557 coniectura
616 495 652 557 de
679 515 714 558 eo
740 495 880 578 capienda
907 506 953 559 est
979 516 1015 558 en
1036 495 1167 558 laterculi
1199 495 1287 558 buius
1321 495 1437 570 ordine,
1464 495 1494 557 id
1523 495 1604 576 quod

250 601 327 663 cadit
349 601 437 663 etiam
459 599 490 661 in
512 600 641 663 aedilicia
662 599 773 680 reliqua
794 599 825 662 in
848 620 883 662 eo
905 599 1064 674 nominata,
1087 599 1123 662 de
1144 598 1253 679 quibus
1274 598 1348 661 nihil
1369 599 1515 662 adnotavi.

348 705 436 768 Aedes
463 703 578 766 Larum
605 709 638 766 in
662 723 776 767 mmma
802 723 887 768 sana
913 709 970 768 oia.
1021 704 1063 767 Cl.
1084 704 1195 766 Becker
1222 713 1282 786 top.
1302 725 1331 786 p.
1355 705 1411 766 101
1441 713 1472 766 et
1492 703 1605 766 Preller

248 810 340 890 myth.
356 810 441 872 Rom.
456 828 485 889 p.
501 809 563 870 497
584 835 627 862 =
649 807 679 883 2,
704 809 763 871 115
786 817 817 871 11
838 815 959 889 propter
980 808 1069 870 Lares
1091 809 1199 872 Graece
1213 803 1322 894 ἥρωας
1335 827 1410 889 quae
1425 807 1605 870 adnotantur

247 912 282 974 ad
305 913 336 975 C.
351 911 374 973 l.
389 911 423 973 L.
438 911 479 985 x,
503 911 585 973 3737
609 919 638 973 11
659 913 736 992 apud
750 912 911 975 Prellerum
936 912 1027 993 myth.
1044 911 1083 972 2²
1107 932 1135 994 p.
1159 912 1229 975 102.
1265 911 1360 974 Huius
1382 910 1462 974 aedis
1481 911 1603 974 titrdum

246 1035 311 1078 esse
325 1015 450 1078 credidit
464 1014 632 1077 Gbisbtdlus
646 1015 869 1097 inscriptionem
885 1016 915 1078 C.
932 1017 978 1092 Vl,
993 1017 1056 1080 456
1071 1044 1114 1072 =
1128 1016 1217 1079 Orell.
1235 1013 1326 1090 1668,
1341 1034 1429 1094 quam
1445 1013 1497 1096 qui
1511 1014 1606 1095 origi-

246 1139 313 1183 nem
337 1121 401 1182 eins
423 1119 503 1182 solus
525 1118 654 1200 prodidit
667 1118 792 1182 Ursinus
813 1119 844 1182 iu
859 1119 983 1183 Palatini
1006 1121 1116 1184 montis
1131 1121 1166 1183 ad
1182 1123 1279 1182 lorum
1295 1119 1439 1182 descensu
1453 1127 1604 1200 repertam

246 1244 310 1287 esse
338 1223 456 1287 scribit:
485 1222 606 1286 Laribus
628 1223 751 1304 publicis
779 1243 895 1287 sanum
920 1224 1113 1305 impensor
1135 1225 1276 1305 dupnsnn
1297 1222 1433 1303 promisca
1454 1222 1606 1282 mocimus

246 1329 378 1392 minoio.
390 1339 521 1409 potestat.
537 1347 628 1388 111111
642 1346 680 1389 ea
693 1332 772 1409 stipe,
784 1347 871 1409 qnam
881 1328 1006 1408 papulas
1021 1327 1176 1391 1111111111
1187 1327 1214 1388 lc
1227 1326 1349 1390 ianuar.
1362 1328 1472 1406 apsenti
1483 1322 1514 1384 G.
1529 1321 1605 1384 Gal-

244 1436 314 1495 aritia
328 1432 436 1496 Sabino
457 1432 487 1497 L.
502 1433 633 1494 Passieno
654 1430 733 1512 Raso
756 1450 809 1494 cos.
833 1430 918 1511 (1.1.
936 1430 1020 1511 7511).
1057 1429 1187 1493 Eandem
1203 1429 1296 1492 basim
1314 1428 1431 1491 stetisse
1446 1425 1605 1506 subsigno

244 1536 341 1617 aliquo
363 1536 394 1599 in
416 1536 487 1598 aede
509 1535 617 1598 Larum
639 1534 772 1597 dedicato
793 1535 964 1597 existimant
977 1535 1123 1596 Prellerns
1147 1537 1218 1613 (reg.
1236 1555 1263 1615 p.
1280 1532 1317 1595 81
1343 1537 1418 1609 not.)
1440 1540 1471 1593 et
1484 1529 1520 1592 ad
1534 1531 1565 1591 h.
1581 1529 1604 1589 l.

245 1639 400 1721 Zumptins
421 1640 526 1702 collato
552 1639 616 1701 loco
645 1639 824 1701 Suetoniano
850 1639 924 1718 dag.
946 1640 1002 1700 57:
1033 1656 1127 1701 omnes
1150 1638 1263 1700 ordine
1284 1639 1311 1700 lc.
1334 1635 1400 1698 lan.
1422 1647 1549 1698 stonum
1569 1636 1606 1695 in

246 1743 385 1825 Capitolio
406 1748 491 1807 etiarn
512 1744 622 1806 1111114
640 1742 864 1823 (11111111111),
888 1761 926 1805 en
947 1763 1004 1824 qna
1023 1761 1137 1805 mmma
1156 1743 1360 1823 pretiosissima
1374 1741 1495 1802 deornm
1507 1742 1604 1800 nnan-

242 1846 324 1908 11111
338 1857 479 1910 11111111
499 1851 614 1910 uicatim
636 1847 791 1938 dedicabat,
811 1857 845 1910 nt
859 1845 1018 1928 Apollinem
1031 1845 1251 1908 Sandaliarium
1266 1844 1414 1926 lovemque
1433 1843 1604 1923 nequedum

105 1973 110 1984 ·
243 1951 365 2032 aliaque
402 1950 474 2013 llihi
494 1960 600 2014 neutra
622 1950 720 2033 opinio
743 1969 811 2012 vera
832 1950 956 2025 videtur,
979 1967 1157 2031 quamquam
1177 1967 1238 2012 non
1254 1967 1328 2028 nego
1343 1955 1421 2009 recte
1436 1945 1602 2007 Prellerum

243 2053 473 2136 Zumptiumque
492 2055 587 2118 basim
602 2057 678 2118 hanc
692 2055 840 2117 rettulisse
855 2054 891 2117 ad
907 2061 1072 2116 statuarum
1087 2070 1189 2115 earum
1204 2051 1341 2132 aliquam,
1365 2050 1523 2130 dequibus
1538 2051 1558 2111 l.
1573 2069 1602 2112 c.

245 2158 406 2220 Suetonius
428 2157 507 2222 dicit.
551 2159 625 2221 Nam
650 2159 675 2220 si
697 2157 767 2240 quid
789 2147 882 2232 Video,
907 2157 1022 2220 vicatim
1046 2156 1178 2218 dedicare
1200 2174 1260 2217 non
1282 2167 1328 2218 est
1349 2154 1407 2216 nisi
1428 2173 1604 2216 mnsecrare

242 2261 366 2324 Laribus
388 2263 522 2343 publicis,
545 2281 613 2325 oum
636 2262 692 2324 vici
713 2261 823 2326 luerint
838 2262 869 2324 in
886 2262 975 2324 tutela
990 2261 1110 2323 Larum.
1155 2259 1318 2322 Confirmat
1329 2259 1360 2322 id
1377 2259 1479 2322 tltrdus
1494 2258 1604 2320 similis

242 2385 268 2427 a.
285 2367 346 2427 745
362 2367 476 2447 positus
491 2365 641 2428 dedicatus
652 2365 779 2428 Volcano
796 2366 841 2447 (C.
856 2365 879 2426 1.
896 2365 927 2427 L.
943 2364 990 2440 Vl,
1014 2366 1106 2443 457);
1127 2381 1195 2426 nam
1212 2381 1280 2425 cum
1296 2364 1451 2443 magistros
1466 2362 1602 2425 vicorum

241 2469 410 2550 Larumque
424 2469 574 2548 Augustus
589 2467 706 2530 111111.
723 2469 788 2529 747
800 2468 962 2532 instituerit
976 2469 1016 2550 (r.
1033 2469 1064 2530 C.
1076 2468 1098 2529 l.
1115 2467 1147 2529 L.
1163 2467 1209 2542 Vl,
1224 2468 1299 2537 454)
1314 2467 1413 2548 itaque
1427 2485 1487 2529 non
1503 2467 1602 2529 olien-

241 2573 300 2648 dat,
323 2573 402 2654 quod
424 2572 455 2635 in
477 2572 541 2634 basi
562 2592 587 2635 a.
604 2573 665 2634 745
689 2571 777 2634 Lares
798 2572 908 2654 publici
929 2591 990 2635 non
1012 2573 1212 2646 nominantur,
1233 2572 1424 2634 inveniuntur
1445 2581 1544 2633 autem
1566 2570 1602 2632 in

241 2677 330 2739 altera
344 2696 370 2739 a.
387 2678 458 2750 750,
481 2677 570 2739 etiam
585 2676 706 2738 Vulcani
727 2677 825 2738 cultus
844 2685 879 2738 ut
900 2677 1032 2738 omnium
1053 2675 1211 2738 numinum
1227 2694 1301 2754 quac
1316 2684 1449 2737 arcerent
1462 2674 1601 2737 incendia

241 2799 330 2862 quam
353 2780 479 2843 mamma
502 2778 538 2840 ad
553 2779 632 2841 vicos
647 2779 791 2861 pertinuit
806 2779 908 2860 (Orell.
926 2779 1007 2842 1385
1021 2779 1088 2860 sq).
1121 2780 1217 2853 Quare
1232 2798 1329 2860 neque
1343 2779 1462 2842 Vulcani
1478 2778 1600 2858 signum

239 2884 312 2946 haec
333 2883 411 2945 basis
433 2902 529 2964 neque
544 2882 652 2945 Larum
673 2883 722 2945 illa
744 2884 887 2947 sustinuit
909 2903 1004 2964 neque
1025 2884 1097 2945 adeo
1119 2892 1267 2946 steterunt
1281 2884 1319 2970 in
1339 2883 1459 2946 aedibus
1474 2881 1599 2945 Vulcani

240 2987 394 3061 Larumre,
417 2986 468 3048 sed
490 2987 526 3049 ad
549 2987 677 3067 compita
697 2987 830 3049 vicorum
852 2987 952 3049 nescio
974 3005 1101 3067 quorum
1124 2987 1206 3067 signa
1228 2988 1355 3069 pretiosa
1375 2987 1445 3049 olim
1461 2987 1598 3050 sustinu-

239 3099 336 3154 erunt
380 3090 515 3163 Quonam
543 3099 642 3152 autem
670 3100 801 3171 tempore
827 3090 928 3153 aedem
951 3090 1060 3153 Larum
1082 3091 1233 3171 Augustus
1259 3091 1405 3162 refecerit,
1434 3090 1598 3171 ignoratur,

239 3213 294 3257 nec
308 3193 401 3274 magis
415 3202 523 3256 retecta
538 3193 606 3256 licet
620 3211 738 3256 summa
753 3193 894 3258 sacraria
909 3195 1014 3257 rudera
1031 3195 1088 3256 ulla
1102 3194 1165 3256 eius
1180 3195 1275 3257 adbuc
1289 3194 1408 3274 agnosci
1423 3203 1597 3275 potuerunt

339 3297 426 3360 Aedes
447 3298 533 3360 denm'
550 3296 700 3360 Penatium
720 3301 752 3359 in
771 3298 860 3360 Velia.
898 3298 940 3360 Cf.
957 3298 1068 3360 Becker
1089 3319 1117 3380 p.
1134 3298 1205 3361 246.
1242 3299 1315 3360 Eam
1329 3301 1496 3378 Augustum
1517 3302 1600 3362 rele-

239 3402 314 3463 cisse
341 3401 411 3463 binc
439 3409 553 3463 tantum
581 3395 789 3482 comperimus.
834 3402 989 3482 Dionysius
1016 3411 1114 3464 autem
1145 3421 1234 3484 quam
1262 3402 1319 3464 sibi
1342 3404 1434 3465 risam
1457 3403 1602 3466 describit

238 3505 338 3566 aedem
361 3504 450 3566 deum
473 3503 629 3566 Penatium
654 3506 681 3578 1,
706 3505 756 3580 68,
779 3513 864 3567 vetus
886 3504 951 3580 ruit,
974 3525 1034 3568 non
1057 3506 1094 3569 ab
1115 3506 1248 3586 Augusto
1270 3505 1442 3568 instaurata.

338 3608 425 3671 Aedes
450 3607 614 3673 lucenam
658 3608 702 3669 Cl.
718 3609 830 3670 becker
857 3628 886 3691 p.
903 3608 974 3671 473.
1018 3608 1082 3672 Una
1111 3618 1225 3672 tantum
1252 3609 1310 3672 luit
1330 3610 1393 3672 eius
1416 3611 1486 3672 deae
1508 3609 1599 3672 aedes

239 3714 350 3775 Romae
380 3712 412 3774 in
439 3714 517 3776 circo
545 3713 674 3775 maximo
703 3713 834 3777 dedicata
856 3714 958 3776 eodem
986 3731 1078 3788 anno,
1106 3733 1165 3794 quo
1187 3711 1288 3776 llatris
1310 3732 1431 3793 magnae
1454 3713 1599 3795 Palatina,

239 3837 270 3879 u.
285 3837 311 3879 c.
328 3814 389 3878 563
413 3815 555 3897 (11136,
578 3816 649 3898 36);
676 3835 746 3879 nam
774 3817 804 3879 in
832 3836 955 3881 censum
982 3836 1043 3880 non
1066 3817 1147 3880 venit
1168 3817 1297 3880 aedicula
1318 3816 1491 3892 luventatis,
1519 3837 1600 3898 quae

239 3919 354 3982 eratin
377 3917 519 3999 Capitolio
540 3917 572 3979 in
594 3918 716 3981 delubro
737 3921 883 3983 llinervae
900 3921 1023 3999 (becker
1044 3940 1073 4004 p.
1090 3920 1161 3995 3117,
1183 3920 1235 3984 151
1255 3921 1330 3984 1111
1344 3921 1461 4002 Dionys.
1477 3922 1505 3994 4,
1531 3920 1598 4002 15).

237 4022 318 4085 llero
340 4040 440 4084 errore
462 4040 498 4082 en
521 4021 576 4084 hoc
598 4025 803 4087 commentarii
817 4024 964 4106 Ancyranl
984 4025 1049 4087 loco
1071 4025 1167 4088 effecit
1182 4025 1347 4107 Zumptins,
1369 4043 1459 4106 quem
1475 4032 1598 4087 secutus

237 4137 282 4189 est
303 4126 449 4189 Prellerus
471 4126 563 4206 myth.
579 4125 664 4188 Rom.
681 4147 709 4208 p.
726 4126 788 4190 234
802 4154 846 4182 =
862 4129 890 4203 1,
913 4127 985 4203 262,
1008 4146 1073 4190 eam
1095 4146 1184 4208 quam
1200 4129 1302 4192 lecerit
1315 4130 1465 4209 Augustus
1486 4127 1599 4190 luven-

237 4230 305 4294 tatis
336 4229 438 4292 aedem
468 4229 560 4292 luisse
587 4230 619 4293 in
646 4230 765 4294 Palatio.
815 4230 880 4309 lgni
910 4241 1085 4313 consumpta
1114 4241 1160 4293 est
1185 4233 1270 4295 aedes
1296 4215 1456 4296 luventatis
1484 4251 1509 4294 a.
1530 4229 1596 4292 738

236 4334 377 4416 postridie
399 4335 462 4398 eius
485 4335 551 4409 diei,
574 4355 633 4415 quo
647 4334 797 4414 Augustus
813 4334 1006 4416 Tiberiusque
1027 4355 1063 4397 ex
1077 4336 1150 4398 urbe
1165 4336 1301 4400 abierunt
1317 4337 1382 4415 (llio
1398 4338 1447 4413 54,
1466 4335 1534 4415 111);
1556 4335 1596 4398 de

234 4439 422 4502 restitutione
443 4441 507 4502 eius
529 4447 679 4520 praeterea
699 4439 772 4501 nibil
794 4438 934 4502 traditum
959 4441 1134 4521 accepimus.

336 4545 424 4607 dedeo
445 4543 550 4607 1111111
568 4543 688 4624 Maqnac
708 4547 740 4605 in
754 4545 876 4608 Palatio.
913 4545 956 4607 Cl.
973 4545 1083 4607 Becker
1105 4565 1133 4626 p.
1151 4545 1222 4608 421.
1252 4544 1391 4607 lncendio
1414 4553 1595 4625 consumpta

235 4666 261 4709 a.
278 4648 340 4710 756
362 4649 436 4731 (Vel.
453 4648 526 4711 11111.
545 4648 572 4723 1,
597 4648 626 4723 8,
644 4649 698 4725 113
720 4651 757 4710 14.
773 4648 827 4711 Dio
843 4649 894 4725 55,
919 4649 1140 4713 1211811111.
1157 4651 1229 4729 dug.
1246 4649 1300 4730 37)
1323 4668 1390 4711 mon
1406 4649 1443 4712 ab
1457 4649 1595 4729 Augusto

234 4754 344 4816 relecta
365 4762 419 4816 est.

1760 3289 1761 3298 r

1760 3299 1761 3306 a

1760 3523 1761 3534 t

1760 3563 1761 3572 r

1760 4275 1761 4290 l

1672 4457 1676 4464 η

1760 4977 1761 4988 t
