<?xml version="1.0" encoding="UTF-8"?>
<!DOCTYPE html PUBLIC "-//W3C//DTD XHTML 1.0 Transitional//EN"
    "http://www.w3.org/TR/xhtml1/DTD/xhtml1-transitional.dtd">
<html xmlns="http://www.w3.org/1999/xhtml" xml:lang="en" lang="en">
 <head>
  <title>
</title>
<meta http-equiv="Content-Type" content="text/html;charset=utf-8" />
  <meta name='ocr-system' content='tesseract 3.04.00' />
  <meta name='ocr-capabilities' content='ocr_page ocr_carea ocr_par ocr_line ocrx_word'/>
</head>
<body>
  <div class='ocr_page' id='page_1' title='image "./resgestaediviau00mommgoog_0201.png"; bbox 0 0 3525 5417; ppageno 0'>
   <div class='ocr_carea' id='block_1_1' title="bbox 667 363 1507 435">
    <p class='ocr_par' dir='ltr' id='par_1_1' title="bbox 667 363 1507 435">
     <span class='ocr_line' id='line_1_1' title="bbox 667 363 1507 435; baseline 0.01 -13"><span class='ocrx_word' id='word_1_1' title='bbox 667 367 716 435; x_wconf 83' lang='lat' dir='ltr'><strong>xv,</strong></span> <span class='ocrx_word' id='word_1_2' title='bbox 734 367 849 422; x_wconf 77' lang='lat'>51-54.</span> <span class='ocrx_word' id='word_1_3' title='bbox 876 363 911 431; x_wconf 88' lang='lat' dir='ltr'><strong>v,</strong></span> <span class='ocrx_word' id='word_1_4' title='bbox 932 365 1000 419; x_wconf 85' lang='lat'><strong>1-3</strong></span> <span class='ocrx_word' id='word_1_5' title='bbox 1466 367 1507 430; x_wconf 78' lang='lat'><strong>97</strong></span> 
     </span>
    </p>
   </div>
   <div class='ocr_carea' id='block_1_2' title="bbox 151 542 1510 1450">
    <p class='ocr_par' dir='ltr' id='par_1_2' title="bbox 151 542 1510 1450">
     <span class='ocr_line' id='line_1_2' title="bbox 154 542 1507 629; baseline -0.004 -18"><span class='ocrx_word' id='word_1_6' title='bbox 154 549 272 612; x_wconf 83' lang='lat' dir='ltr'><strong>donarit</strong></span> <span class='ocrx_word' id='word_1_7' title='bbox 293 549 460 629; x_wconf 77' lang='lat' dir='ltr'><strong>Cleopatrae</strong></span> <span class='ocrx_word' id='word_1_8' title='bbox 483 547 643 627; x_wconf 75' lang='lat' dir='ltr'>(Plutarch.</span> <span class='ocrx_word' id='word_1_9' title='bbox 660 548 727 608; x_wconf 83' lang='lat' dir='ltr'><strong>hnt.</strong></span> <span class='ocrx_word' id='word_1_10' title='bbox 751 545 815 621; x_wconf 81' lang='lat'><strong>58),</strong></span> <span class='ocrx_word' id='word_1_11' title='bbox 844 561 1023 624; x_wconf 89' lang='lat' dir='ltr'><strong>quamquam</strong></span> <span class='ocrx_word' id='word_1_12' title='bbox 1050 543 1088 604; x_wconf 89' lang='lat' dir='ltr'><strong>ad</strong></span> <span class='ocrx_word' id='word_1_13' title='bbox 1109 562 1173 605; x_wconf 89' lang='lat' dir='ltr'><strong>earu</strong></span> <span class='ocrx_word' id='word_1_14' title='bbox 1192 543 1317 622; x_wconf 79' lang='lat' dir='ltr'>Augusti</span> <span class='ocrx_word' id='word_1_15' title='bbox 1339 542 1425 606; x_wconf 84' lang='lat' dir='ltr'><strong>verba</strong></span> <span class='ocrx_word' id='word_1_16' title='bbox 1448 563 1507 606; x_wconf 91' lang='lat' dir='ltr'><strong>non</strong></span> 
     </span>
     <span class='ocr_line' id='line_1_3' title="bbox 154 645 1509 733; baseline -0.004 -18"><span class='ocrx_word' id='word_1_17' title='bbox 154 653 337 733; x_wconf 85' lang='lat' dir='ltr'><strong>perveniunt.</strong></span> <span class='ocrx_word' id='word_1_18' title='bbox 364 686 407 697; x_wconf 92' lang='lat'><em>-</em></span> <span class='ocrx_word' id='word_1_19' title='bbox 435 651 629 732; x_wconf 79' lang='lat' dir='ltr'><strong>spoliationes</strong></span> <span class='ocrx_word' id='word_1_20' title='bbox 662 649 752 729; x_wconf 89' lang='lat' dir='ltr'><strong>igitur</strong></span> <span class='ocrx_word' id='word_1_21' title='bbox 782 646 927 710; x_wconf 89' lang='lat' dir='ltr'><strong>eiusmodi</strong></span> <span class='ocrx_word' id='word_1_22' title='bbox 960 647 990 707; x_wconf 96' lang='lat' dir='ltr'><strong>in</strong></span> <span class='ocrx_word' id='word_1_23' title='bbox 1024 645 1192 726; x_wconf 79' lang='lat' dir='ltr'>Cleopatrae</span> <span class='ocrx_word' id='word_1_24' title='bbox 1225 645 1345 724; x_wconf 78' lang='lat' dir='ltr'><strong>gratiam</strong></span> <span class='ocrx_word' id='word_1_25' title='bbox 1379 655 1509 728; x_wconf 87' lang='lat' dir='ltr'><strong>patratae</strong></span> 
     </span>
     <span class='ocr_line' id='line_1_4' title="bbox 154 748 1509 835; baseline -0.004 -18"><span class='ocrx_word' id='word_1_26' title='bbox 154 766 223 817; x_wconf 91' lang='lat' dir='ltr'><strong>sunt</strong></span> <span class='ocrx_word' id='word_1_27' title='bbox 249 755 330 817; x_wconf 90' lang='lat' dir='ltr'><strong>Sami</strong></span> <span class='ocrx_word' id='word_1_28' title='bbox 358 754 468 835; x_wconf 81' lang='lat' dir='ltr'><strong>Ephesi</strong></span> <span class='ocrx_word' id='word_1_29' title='bbox 497 751 632 833; x_wconf 79' lang='lat' dir='ltr'><strong>Pergami</strong></span> <span class='ocrx_word' id='word_1_30' title='bbox 664 751 797 825; x_wconf 81' lang='lat' dir='ltr'><strong>Rhoetei,</strong></span> <span class='ocrx_word' id='word_1_31' title='bbox 834 767 908 830; x_wconf 88' lang='lat' dir='ltr'><strong>quae</strong></span> <span class='ocrx_word' id='word_1_32' title='bbox 942 758 1014 810; x_wconf 90' lang='lat' dir='ltr'><strong>sunt</strong></span> <span class='ocrx_word' id='word_1_33' title='bbox 1045 748 1075 810; x_wconf 95' lang='lat' dir='ltr'><strong>in</strong></span> <span class='ocrx_word' id='word_1_34' title='bbox 1108 749 1255 830; x_wconf 86' lang='lat' dir='ltr'><strong>provincia</strong></span> <span class='ocrx_word' id='word_1_35' title='bbox 1286 749 1354 811; x_wconf 79' lang='lat' dir='ltr'><strong>Asia</strong></span> <span class='ocrx_word' id='word_1_36' title='bbox 1392 769 1509 825; x_wconf 66' lang='lat' dir='ltr'><strong>omnem</strong></span> 
     </span>
     <span class='ocr_line' id='line_1_5' title="bbox 153 843 1510 939; baseline -0.002 -20"><span class='ocrx_word' id='word_1_37' title='bbox 153 857 356 939; x_wconf 90' lang='lat' dir='ltr'><strong>quamohrem,</strong></span> <span class='ocrx_word' id='word_1_38' title='bbox 379 876 448 919; x_wconf 88' lang='lat' dir='ltr'><strong>aum</strong></span> <span class='ocrx_word' id='word_1_39' title='bbox 470 856 643 936; x_wconf 87' lang='lat' dir='ltr'><strong>praesertim</strong></span> <span class='ocrx_word' id='word_1_40' title='bbox 664 855 772 917; x_wconf 84' lang='lat' dir='ltr'><strong>Graeca</strong></span> <span class='ocrx_word' id='word_1_41' title='bbox 793 854 914 916; x_wconf 88' lang='lat' dir='ltr'><strong>alteram</strong></span> <span class='ocrx_word' id='word_1_42' title='bbox 937 843 1115 932; x_wconf 86' lang='lat' dir='ltr'><strong>provinciam</strong></span> <span class='ocrx_word' id='word_1_43' title='bbox 1131 871 1191 913; x_wconf 89' lang='lat' dir='ltr'><strong>non</strong></span> <span class='ocrx_word' id='word_1_44' title='bbox 1207 852 1372 927; x_wconf 86' lang='lat' dir='ltr'><strong>admittant,</strong></span> <span class='ocrx_word' id='word_1_45' title='bbox 1396 853 1426 914; x_wconf 94' lang='lat' dir='ltr'><strong>in</strong></span> <span class='ocrx_word' id='word_1_46' title='bbox 1441 855 1510 916; x_wconf 80' lang='lat' dir='ltr'><strong>Asia</strong></span> 
     </span>
     <span class='ocr_line' id='line_1_6' title="bbox 153 956 1509 1039; baseline -0.003 -17"><span class='ocrx_word' id='word_1_47' title='bbox 153 960 375 1023; x_wconf 84' lang='lat' dir='ltr'><strong>subsistendum</strong></span> <span class='ocrx_word' id='word_1_48' title='bbox 398 970 444 1021; x_wconf 87' lang='lat' dir='ltr'><strong>est</strong></span> <span class='ocrx_word' id='word_1_49' title='bbox 464 959 580 1021; x_wconf 88' lang='lat' dir='ltr'><strong>reiectis</strong></span> <span class='ocrx_word' id='word_1_50' title='bbox 603 956 817 1039; x_wconf 84' lang='lat' dir='ltr'><strong>supplementis</strong></span> <span class='ocrx_word' id='word_1_51' title='bbox 838 973 906 1018; x_wconf 90' lang='lat' dir='ltr'><strong>cum</strong></span> <span class='ocrx_word' id='word_1_52' title='bbox 929 956 1063 1035; x_wconf 84' lang='lat' dir='ltr'><strong>priorum</strong></span> <span class='ocrx_word' id='word_1_53' title='bbox 1084 959 1241 1018; x_wconf 83' lang='lat' dir='ltr'><strong>ciuitatium</strong></span> <span class='ocrx_word' id='word_1_54' title='bbox 1255 956 1438 1036; x_wconf 78' lang='lat' dir='ltr'><strong>Peloponnesi</strong></span> <span class='ocrx_word' id='word_1_55' title='bbox 1451 957 1509 1038; x_wconf 87' lang='lat' dir='ltr'><strong>(vel</strong></span> 
     </span>
     <span class='ocr_line' id='line_1_7' title="bbox 152 1057 1509 1144; baseline -0.004 -18"><span class='ocrx_word' id='word_1_56' title='bbox 152 1063 289 1144; x_wconf 77' lang='lat' dir='ltr'><strong>lenone)</strong></span> <span class='ocrx_word' id='word_1_57' title='bbox 310 1074 338 1125; x_wconf 91' lang='lat' dir='ltr'><strong>et</strong></span> <span class='ocrx_word' id='word_1_58' title='bbox 359 1063 441 1126; x_wconf 79' lang='lat' dir='ltr'><strong>Asiae</strong></span> <span class='ocrx_word' id='word_1_59' title='bbox 463 1071 527 1124; x_wconf 92' lang='lat' dir='ltr'><strong>tum</strong></span> <span class='ocrx_word' id='word_1_60' title='bbox 551 1059 721 1140; x_wconf 83' lang='lat' dir='ltr'><strong>Berghianis</strong></span> <span class='ocrx_word' id='word_1_61' title='bbox 737 1063 893 1120; x_wconf 69' lang='lat' dir='ltr'><strong>civitatatem</strong></span> <span class='ocrx_word' id='word_1_62' title='bbox 907 1057 1055 1137; x_wconf 75' lang='lat' dir='ltr'><strong>Bithyniae</strong></span> <span class='ocrx_word' id='word_1_63' title='bbox 1069 1069 1096 1120; x_wconf 86' lang='lat' dir='ltr'><strong>at</strong></span> <span class='ocrx_word' id='word_1_64' title='bbox 1110 1059 1201 1120; x_wconf 80' lang='lat' dir='ltr'><strong>Aa&#39;ae.</strong></span> <span class='ocrx_word' id='word_1_65' title='bbox 1235 1058 1388 1121; x_wconf 89' lang='lat' dir='ltr'><strong>Praeterea</strong></span> <span class='ocrx_word' id='word_1_66' title='bbox 1403 1079 1509 1139; x_wconf 89' lang='lat' dir='ltr'><strong>quaru-</strong></span> 
     </span>
     <span class='ocr_line' id='line_1_8' title="bbox 152 1160 1509 1246; baseline -0.004 -18"><span class='ocrx_word' id='word_1_67' title='bbox 152 1183 242 1246; x_wconf 90' lang='lat' dir='ltr'><strong>quam</strong></span> <span class='ocrx_word' id='word_1_68' title='bbox 271 1175 387 1229; x_wconf 86' lang='lat' dir='ltr'><strong>constat</strong></span> <span class='ocrx_word' id='word_1_69' title='bbox 406 1164 567 1226; x_wconf 76' lang='lat' dir='ltr'><strong>Antonium</strong></span> <span class='ocrx_word' id='word_1_70' title='bbox 590 1182 710 1225; x_wconf 86' lang='lat' dir='ltr'><strong>vexasse</strong></span> <span class='ocrx_word' id='word_1_71' title='bbox 731 1160 870 1223; x_wconf 73' lang='lat' dir='ltr'><strong>Achaiam</strong></span> <span class='ocrx_word' id='word_1_72' title='bbox 892 1179 918 1222; x_wconf 93' lang='lat' dir='ltr'><strong>a.</strong></span> <span class='ocrx_word' id='word_1_73' title='bbox 936 1161 996 1221; x_wconf 83' lang='lat'><strong>715</strong></span> <span class='ocrx_word' id='word_1_74' title='bbox 1020 1160 1086 1236; x_wconf 83' lang='lat' dir='ltr'><strong>(llio</strong></span> <span class='ocrx_word' id='word_1_75' title='bbox 1108 1160 1159 1235; x_wconf 83' lang='lat'><strong>48,</strong></span> <span class='ocrx_word' id='word_1_76' title='bbox 1176 1160 1239 1240; x_wconf 84' lang='lat'><strong>39),</strong></span> <span class='ocrx_word' id='word_1_77' title='bbox 1263 1179 1297 1223; x_wconf 91' lang='lat' dir='ltr'><strong>eo</strong></span> <span class='ocrx_word' id='word_1_78' title='bbox 1325 1171 1403 1223; x_wconf 90' lang='lat' dir='ltr'><strong>certe</strong></span> <span class='ocrx_word' id='word_1_79' title='bbox 1432 1171 1509 1224; x_wconf 91' lang='lat' dir='ltr'><strong>tem-</strong></span> 
     </span>
     <span class='ocr_line' id='line_1_9' title="bbox 151 1263 1510 1349; baseline -0.002 -19"><span class='ocrx_word' id='word_1_80' title='bbox 151 1288 223 1349; x_wconf 85' lang='lat' dir='ltr'><strong>pore</strong></span> <span class='ocrx_word' id='word_1_81' title='bbox 257 1269 343 1330; x_wconf 88' lang='lat' dir='ltr'><strong>aedes</strong></span> <span class='ocrx_word' id='word_1_82' title='bbox 381 1286 478 1330; x_wconf 87' lang='lat' dir='ltr'><strong>sacras</strong></span> <span class='ocrx_word' id='word_1_83' title='bbox 511 1286 571 1329; x_wconf 93' lang='lat' dir='ltr'><strong>non</strong></span> <span class='ocrx_word' id='word_1_84' title='bbox 602 1265 737 1348; x_wconf 82' lang='lat' dir='ltr'><strong>spoliarit</strong></span> <span class='ocrx_word' id='word_1_85' title='bbox 761 1264 930 1345; x_wconf 84' lang='lat' dir='ltr'><strong>Cleopatrae</strong></span> <span class='ocrx_word' id='word_1_86' title='bbox 956 1282 1059 1336; x_wconf 88' lang='lat' dir='ltr'><strong>eausa,</strong></span> <span class='ocrx_word' id='word_1_87' title='bbox 1090 1263 1213 1325; x_wconf 78' lang='lat' dir='ltr'><strong>Athenis</strong></span> <span class='ocrx_word' id='word_1_88' title='bbox 1245 1272 1308 1326; x_wconf 87' lang='lat' dir='ltr'><strong>tunt</strong></span> <span class='ocrx_word' id='word_1_89' title='bbox 1335 1283 1454 1327; x_wconf 87' lang='lat' dir='ltr'><strong>morans</strong></span> <span class='ocrx_word' id='word_1_90' title='bbox 1480 1273 1510 1327; x_wconf 89' lang='lat' dir='ltr'><strong>et</strong></span> 
     </span>
     <span class='ocr_line' id='line_1_10' title="bbox 153 1371 548 1450; baseline -0.005 -18"><span class='ocrx_word' id='word_1_91' title='bbox 153 1371 291 1434; x_wconf 84' lang='lat' dir='ltr'><strong>Octaviae</strong></span> <span class='ocrx_word' id='word_1_92' title='bbox 313 1388 414 1432; x_wconf 91' lang='lat' dir='ltr'><strong>amore</strong></span> <span class='ocrx_word' id='word_1_93' title='bbox 434 1378 548 1450; x_wconf 90' lang='lat' dir='ltr'><strong>captus.</strong></span> 
     </span>
    </p>
   </div>
   <div class='ocr_carea' id='block_1_3' title="bbox 171 1645 1510 2555">
    <p class='ocr_par' dir='ltr' id='par_1_3' title="bbox 171 1645 1510 2555">
     <span class='ocr_line' id='line_1_11' title="bbox 171 1645 1510 1730; baseline -0.001 -17"><span class='ocrx_word' id='word_1_94' title='bbox 171 1671 240 1712; x_wconf 78' lang='lat' dir='ltr'><strong>nur.</strong></span> <span class='ocrx_word' id='word_1_95' title='bbox 256 1653 286 1725; x_wconf 89' lang='grc'><strong>4,</strong></span> <span class='ocrx_word' id='word_1_96' title='bbox 301 1671 326 1712; x_wconf 80' lang='lat' dir='ltr'><strong>au</strong></span> <span class='ocrx_word' id='word_1_97' title='bbox 345 1671 371 1713; x_wconf 81' lang='lat' dir='ltr'><strong>aa</strong></span> <span class='ocrx_word' id='word_1_98' title='bbox 412 1652 530 1713; x_wconf 84' lang='lat' dir='ltr'><strong>statuae</strong></span> <span class='ocrx_word' id='word_1_99' title='bbox 553 1650 651 1726; x_wconf 86' lang='lat' dir='ltr'><strong>[mea]e</strong></span> <span class='ocrx_word' id='word_1_100' title='bbox 673 1647 826 1730; x_wconf 77' lang='lat' dir='ltr'><strong>pedestres</strong></span> <span class='ocrx_word' id='word_1_101' title='bbox 845 1657 875 1709; x_wconf 89' lang='lat' dir='ltr'><strong>et</strong></span> <span class='ocrx_word' id='word_1_102' title='bbox 891 1655 1041 1727; x_wconf 90' lang='lat' dir='ltr'><strong>equestres</strong></span> <span class='ocrx_word' id='word_1_103' title='bbox 1057 1657 1088 1708; x_wconf 91' lang='lat' dir='ltr'><strong>et</strong></span> <span class='ocrx_word' id='word_1_104' title='bbox 1101 1647 1131 1710; x_wconf 94' lang='lat' dir='ltr'><strong>in</strong></span> <span class='ocrx_word' id='word_1_105' title='bbox 1151 1645 1155 1729; x_wconf 99' lang='grc' dir='ltr'>Ι</span> <span class='ocrx_word' id='word_1_106' title='bbox 1174 1647 1340 1727; x_wconf 85' lang='lat' dir='ltr'><strong>quadrigeis</strong></span> <span class='ocrx_word' id='word_1_107' title='bbox 1355 1658 1510 1729; x_wconf 84' lang='lat' dir='ltr'><strong>argenteae</strong></span> 
     </span>
     <span class='ocr_line' id='line_1_12' title="bbox 345 1737 1509 1832; baseline -0.001 -17"><span class='ocrx_word' id='word_1_108' title='bbox 345 1772 372 1816; x_wconf 82' lang='lat' dir='ltr'><strong>as</strong></span> <span class='ocrx_word' id='word_1_109' title='bbox 399 1761 545 1815; x_wconf 88' lang='lat' dir='ltr'><strong>steterunt</strong></span> <span class='ocrx_word' id='word_1_110' title='bbox 571 1753 601 1812; x_wconf 91' lang='lat' dir='ltr'><strong>in</strong></span> <span class='ocrx_word' id='word_1_111' title='bbox 629 1751 701 1812; x_wconf 90' lang='lat' dir='ltr'><strong>urhe</strong></span> <span class='ocrx_word' id='word_1_112' title='bbox 723 1769 778 1811; x_wconf 88' lang='lat' dir='ltr'><strong>xxa</strong></span> <span class='ocrx_word' id='word_1_113' title='bbox 806 1737 936 1824; x_wconf 84' lang='lat' dir='ltr'><strong>circiter,</strong></span> <span class='ocrx_word' id='word_1_114' title='bbox 966 1769 1040 1831; x_wconf 88' lang='lat' dir='ltr'><strong>quas</strong></span> <span class='ocrx_word' id='word_1_115' title='bbox 1067 1750 1129 1832; x_wconf 89' lang='lat' dir='ltr'><strong>ipse</strong></span> <span class='ocrx_word' id='word_1_116' title='bbox 1149 1749 1153 1830; x_wconf 97' lang='grc' dir='ltr'>Ι</span> <span class='ocrx_word' id='word_1_117' title='bbox 1174 1752 1281 1814; x_wconf 93' lang='lat' dir='ltr'><strong>sustuli</strong></span> <span class='ocrx_word' id='word_1_118' title='bbox 1296 1753 1332 1831; x_wconf 65' lang='grc' dir='ltr'><strong>ΙΙΙ</strong></span> <span class='ocrx_word' id='word_1_119' title='bbox 1360 1771 1453 1832; x_wconf 85' lang='lat' dir='ltr'><strong>exque</strong></span> <span class='ocrx_word' id='word_1_120' title='bbox 1476 1753 1509 1815; x_wconf 84' lang='lat' dir='ltr'><strong>ea</strong></span> 
     </span>
     <span class='ocr_line' id='line_1_13' title="bbox 348 1852 1509 1936; baseline -0.002 -18"><span class='ocrx_word' id='word_1_121' title='bbox 348 1876 374 1920; x_wconf 81' lang='lat' dir='ltr'><strong>st</strong></span> <span class='ocrx_word' id='word_1_122' title='bbox 401 1855 526 1936; x_wconf 83' lang='lat' dir='ltr'><strong>pecunia</strong></span> <span class='ocrx_word' id='word_1_123' title='bbox 547 1854 623 1916; x_wconf 89' lang='lat' dir='ltr'><strong>dona</strong></span> <span class='ocrx_word' id='word_1_124' title='bbox 645 1872 733 1915; x_wconf 90' lang='lat' dir='ltr'><strong>aurea</strong></span> <span class='ocrx_word' id='word_1_125' title='bbox 755 1852 786 1913; x_wconf 90' lang='lat' dir='ltr'><strong>in</strong></span> <span class='ocrx_word' id='word_1_126' title='bbox 809 1853 878 1914; x_wconf 77' lang='lat' dir='ltr'><strong>aede</strong></span> <span class='ocrx_word' id='word_1_127' title='bbox 900 1853 1064 1934; x_wconf 70' lang='lat' dir='ltr'><strong>hpolllelnis</strong></span> <span class='ocrx_word' id='word_1_128' title='bbox 1087 1855 1153 1914; x_wconf 92' lang='lat' dir='ltr'><strong>meo&#39;</strong></span> <span class='ocrx_word' id='word_1_129' title='bbox 1175 1853 1306 1932; x_wconf 75' lang='lat' dir='ltr'><strong>nomilne</strong></span> <span class='ocrx_word' id='word_1_130' title='bbox 1328 1855 1509 1930; x_wconf 79' lang='lat' dir='ltr'><strong>stillarum,</strong></span> 
     </span>
     <span class='ocr_line' id='line_1_14' title="bbox 398 1953 1275 2040; baseline -0.003 -20"><span class='ocrx_word' id='word_1_131' title='bbox 398 1958 450 2037; x_wconf 91' lang='lat' dir='ltr'><strong>qui</strong></span> <span class='ocrx_word' id='word_1_132' title='bbox 470 1957 545 2021; x_wconf 91' lang='lat' dir='ltr'><strong>mihi</strong></span> <span class='ocrx_word' id='word_1_133' title='bbox 566 1957 731 2019; x_wconf 77' lang='lat' dir='ltr'><strong>statuarum</strong></span> <span class='ocrx_word' id='word_1_134' title='bbox 754 1958 898 2019; x_wconf 83' lang='lat' dir='ltr'><strong>honorem</strong></span> <span class='ocrx_word' id='word_1_135' title='bbox 921 1957 1096 2030; x_wconf 87' lang='lat' dir='ltr'><strong>hahuerunt,</strong></span> <span class='ocrx_word' id='word_1_136' title='bbox 1119 1956 1213 2039; x_wconf 90' lang='lat' dir='ltr'><strong>posui.</strong></span> <span class='ocrx_word' id='word_1_137' title='bbox 1230 1960 1248 2032; x_wconf 63' lang='grc' dir='ltr'>ξ</span> <span class='ocrx_word' id='word_1_138' title='bbox 1263 1953 1275 2040; x_wconf 96' lang='grc' dir='ltr'><strong>ΙΙ</strong></span> 
     </span>
     <span class='ocr_line' id='line_1_15' title="bbox 197 2051 1510 2145; baseline 0.002 -24"><span class='ocrx_word' id='word_1_139' title='bbox 197 2060 310 2134; x_wconf 83' lang='lat' dir='ltr'><strong>aa.13,</strong></span> <span class='ocrx_word' id='word_1_140' title='bbox 332 2079 374 2122; x_wconf 85' lang='grc' dir='ltr'><strong>τε</strong></span> <span class='ocrx_word' id='word_1_141' title='bbox 391 2055 596 2142; x_wconf 84' lang='grc' dir='ltr'><strong><em>’Λνδριάντες</em></strong></span> <span class='ocrx_word' id='word_1_142' title='bbox 615 2056 720 2138; x_wconf 79' lang='grc' dir='ltr'><strong>ντεΙζοὶ</strong></span> <span class='ocrx_word' id='word_1_143' title='bbox 740 2058 796 2121; x_wconf 79' lang='grc' dir='ltr'><strong>καὶ</strong></span> <span class='ocrx_word' id='word_1_144' title='bbox 819 2057 969 2142; x_wconf 68' lang='grc' dir='ltr'><strong><em>ἔφιπποι</em></strong></span> <span class='ocrx_word' id='word_1_145' title='bbox 988 2079 1052 2140; x_wconf 92' lang='grc' dir='ltr'><strong>μου</strong></span> <span class='ocrx_word' id='word_1_146' title='bbox 1074 2057 1130 2120; x_wconf 83' lang='grc' dir='ltr'><strong>καὶ</strong></span> <span class='ocrx_word' id='word_1_147' title='bbox 1144 2051 1195 2142; x_wconf 80' lang='grc' dir='ltr'><strong>ἐφ’</strong></span> <span class='ocrx_word' id='word_1_148' title='bbox 1211 2053 1357 2142; x_wconf 84' lang='grc' dir='ltr'><strong><em>ἅρμασιν</em></strong></span> <span class='ocrx_word' id='word_1_149' title='bbox 1372 2055 1510 2145; x_wconf 69' lang='grc' dir='ltr'><strong><em>ἀργυροῖ</em></strong></span> 
     </span>
     <span class='ocr_line' id='line_1_16' title="bbox 311 2155 1510 2250; baseline 0.003 -27"><span class='ocrx_word' id='word_1_150' title='bbox 311 2184 323 2223; x_wconf 87' lang='lat' dir='ltr'><strong>o</strong></span> <span class='ocrx_word' id='word_1_151' title='bbox 342 2183 366 2224; x_wconf 90' lang='lat' dir='ltr'><strong>to</strong></span> <span class='ocrx_word' id='word_1_152' title='bbox 396 2159 612 2245; x_wconf 75' lang='grc' dir='ltr'><strong><em>τὶστήνειΙσαν</em></strong></span> <span class='ocrx_word' id='word_1_153' title='bbox 623 2160 658 2225; x_wconf 83' lang='grc' dir='ltr'><strong>ἕν</strong></span> <span class='ocrx_word' id='word_1_154' title='bbox 672 2162 712 2250; x_wconf 78' lang='grc' dir='ltr'><strong>τῇ</strong></span> <span class='ocrx_word' id='word_1_155' title='bbox 725 2159 824 2250; x_wconf 81' lang='grc' dir='ltr'><strong><em>πόλει</em></strong></span> <span class='ocrx_word' id='word_1_156' title='bbox 840 2161 931 2240; x_wconf 75' lang='grc' dir='ltr'><strong><em>ἔνγὺς</em></strong></span> <span class='ocrx_word' id='word_1_157' title='bbox 947 2155 1162 2244; x_wconf 81' lang='grc' dir='ltr'><strong><em>ἀγδοήκοντα,</em></strong></span> <span class='ocrx_word' id='word_1_158' title='bbox 1178 2157 1234 2235; x_wconf 80' lang='grc' dir='ltr'><strong>οὓς</strong></span> <span class='ocrx_word' id='word_1_159' title='bbox 1248 2157 1347 2236; x_wconf 83' lang='grc' dir='ltr'><strong><em>αάτδς</em></strong></span> <span class='ocrx_word' id='word_1_160' title='bbox 1358 2157 1429 2245; x_wconf 80' lang='grc' dir='ltr'><strong>ἦρα,</strong></span> <span class='ocrx_word' id='word_1_161' title='bbox 1450 2161 1455 2246; x_wconf 97' lang='grc' dir='ltr'>Ι</span> <span class='ocrx_word' id='word_1_162' title='bbox 1475 2160 1510 2226; x_wconf 72' lang='grc' dir='ltr'><strong>ἐκ</strong></span> 
     </span>
     <span class='ocr_line' id='line_1_17' title="bbox 344 2257 1510 2350; baseline 0 -22"><span class='ocrx_word' id='word_1_163' title='bbox 344 2287 367 2328; x_wconf 83' lang='grc' dir='ltr'><strong>ιι</strong></span> <span class='ocrx_word' id='word_1_164' title='bbox 396 2263 513 2345; x_wconf 78' lang='grc' dir='ltr'><strong><em>τούτου</em></strong></span> <span class='ocrx_word' id='word_1_165' title='bbox 540 2266 655 2327; x_wconf 85' lang='grc' dir='ltr'><strong><em>τετοῦ</em></strong></span> <span class='ocrx_word' id='word_1_166' title='bbox 677 2262 839 2348; x_wconf 83' lang='grc' dir='ltr'><strong><em>χρήματος</em></strong></span> <span class='ocrx_word' id='word_1_167' title='bbox 863 2257 1065 2346; x_wconf 74' lang='grc' dir='ltr'><strong><em>ἀναθέματα</em></strong></span> <span class='ocrx_word' id='word_1_168' title='bbox 1087 2266 1193 2347; x_wconf 84' lang='grc' dir='ltr'><strong><em>χρυσᾶ</em></strong></span> <span class='ocrx_word' id='word_1_169' title='bbox 1213 2263 1249 2329; x_wconf 77' lang='grc' dir='ltr'><strong>ἐν</strong></span> <span class='ocrx_word' id='word_1_170' title='bbox 1268 2265 1273 2346; x_wconf 95' lang='grc' dir='ltr'>Ι</span> <span class='ocrx_word' id='word_1_171' title='bbox 1291 2265 1337 2348; x_wconf 77' lang='grc' dir='ltr'><strong>τῷ</strong></span> <span class='ocrx_word' id='word_1_172' title='bbox 1359 2267 1429 2350; x_wconf 79' lang='grc' dir='ltr'><strong>ναῷ</strong></span> <span class='ocrx_word' id='word_1_173' title='bbox 1450 2265 1510 2328; x_wconf 80' lang='grc' dir='ltr'><strong>τοῦ</strong></span> 
     </span>
     <span class='ocr_line' id='line_1_18' title="bbox 345 2362 1510 2451; baseline 0.001 -21"><span class='ocrx_word' id='word_1_174' title='bbox 345 2387 370 2430; x_wconf 86' lang='grc' dir='ltr'><strong>ιτ</strong></span> <span class='ocrx_word' id='word_1_175' title='bbox 393 2362 601 2440; x_wconf 78' lang='grc' dir='ltr'><em>’Λπόλλωνος</em></span> <span class='ocrx_word' id='word_1_176' title='bbox 628 2367 674 2450; x_wconf 79' lang='grc' dir='ltr'><strong>τῷ</strong></span> <span class='ocrx_word' id='word_1_177' title='bbox 699 2391 735 2430; x_wconf 90' lang='grc' dir='ltr'><strong>τε</strong></span> <span class='ocrx_word' id='word_1_178' title='bbox 761 2366 830 2451; x_wconf 77' lang='grc' dir='ltr'><strong>ἐμῷ</strong></span> <span class='ocrx_word' id='word_1_179' title='bbox 859 2362 999 2449; x_wconf 83' lang='grc' dir='ltr'><strong><em>ὀνόματι</em></strong></span> <span class='ocrx_word' id='word_1_180' title='bbox 1028 2365 1083 2428; x_wconf 81' lang='grc' dir='ltr'><strong>καὶ</strong></span> <span class='ocrx_word' id='word_1_181' title='bbox 1111 2370 1114 2448; x_wconf 97' lang='grc' dir='ltr'>Ι</span> <span class='ocrx_word' id='word_1_182' title='bbox 1139 2365 1292 2443; x_wconf 77' lang='grc' dir='ltr'><strong><em>ἐκείνων,</em></strong></span> <span class='ocrx_word' id='word_1_183' title='bbox 1321 2371 1441 2442; x_wconf 78' lang='grc' dir='ltr'><strong><em>οἵτινές</em></strong></span> <span class='ocrx_word' id='word_1_184' title='bbox 1468 2391 1510 2451; x_wconf 87' lang='grc' dir='ltr'><strong>με</strong></span> 
     </span>
     <span class='ocr_line' id='line_1_19' title="bbox 346 2461 1258 2555; baseline -0.001 -23"><span class='ocrx_word' id='word_1_185' title='bbox 346 2490 369 2532; x_wconf 86' lang='lat' dir='ltr'><strong>ts</strong></span> <span class='ocrx_word' id='word_1_186' title='bbox 397 2461 545 2548; x_wconf 80' lang='grc' dir='ltr'><strong><em>[τΙοδτοις</em></strong></span> <span class='ocrx_word' id='word_1_187' title='bbox 565 2479 636 2544; x_wconf 76' lang='grc' dir='ltr'><strong><em>τοῖς</em></strong></span> <span class='ocrx_word' id='word_1_188' title='bbox 658 2465 834 2555; x_wconf 79' lang='grc' dir='ltr'><strong><em>ἀνδριᾶσιν</em></strong></span> <span class='ocrx_word' id='word_1_189' title='bbox 855 2469 1053 2552; x_wconf 77' lang='grc' dir='ltr'><strong>ἐτείμηΙσαν,</strong></span> <span class='ocrx_word' id='word_1_190' title='bbox 1075 2465 1233 2553; x_wconf 74' lang='grc' dir='ltr'><strong><em>ἀνέθηκα.</em></strong></span> <span class='ocrx_word' id='word_1_191' title='bbox 1254 2469 1258 2551; x_wconf 97' lang='grc' dir='ltr'>Ι</span> 
     </span>
    </p>
   </div>
   <div class='ocr_carea' id='block_1_4' title="bbox 149 2599 1511 3194">
    <p class='ocr_par' dir='ltr' id='par_1_4' title="bbox 149 2599 1511 3194">
     <span class='ocr_line' id='line_1_20' title="bbox 151 2599 1511 2681; baseline 0.002 -21"><span class='ocrx_word' id='word_1_192' title='bbox 151 2599 315 2661; x_wconf 91' lang='lat' dir='ltr'><strong>Suetonius</strong></span> <span class='ocrx_word' id='word_1_193' title='bbox 328 2601 402 2680; x_wconf 84' lang='lat' dir='ltr'><strong>hug.</strong></span> <span class='ocrx_word' id='word_1_194' title='bbox 419 2599 473 2660; x_wconf 84' lang='lat'><strong>52:</strong></span> <span class='ocrx_word' id='word_1_195' title='bbox 500 2603 532 2661; x_wconf 90' lang='lat' dir='ltr'><strong>in</strong></span> <span class='ocrx_word' id='word_1_196' title='bbox 552 2601 623 2662; x_wconf 84' lang='lat' dir='ltr'><strong>urhe</strong></span> <span class='ocrx_word' id='word_1_197' title='bbox 638 2645 770 2662; x_wconf 89' lang='grc'><strong>......</strong></span> <span class='ocrx_word' id='word_1_198' title='bbox 786 2611 932 2681; x_wconf 77' lang='lat' dir='ltr'><strong>argenteos</strong></span> <span class='ocrx_word' id='word_1_199' title='bbox 954 2611 1062 2662; x_wconf 86' lang='lat' dir='ltr'><strong>statuas</strong></span> <span class='ocrx_word' id='word_1_200' title='bbox 1085 2599 1154 2662; x_wconf 82' lang='lat' dir='ltr'><strong>olim</strong></span> <span class='ocrx_word' id='word_1_201' title='bbox 1174 2601 1229 2662; x_wconf 85' lang='lat' dir='ltr'><strong>sihi</strong></span> <span class='ocrx_word' id='word_1_202' title='bbox 1245 2604 1352 2681; x_wconf 84' lang='lat' dir='ltr'><strong>positos</strong></span> <span class='ocrx_word' id='word_1_203' title='bbox 1374 2601 1511 2680; x_wconf 73' lang='lat' dir='ltr'><strong>conflauit</strong></span> 
     </span>
     <span class='ocr_line' id='line_1_21' title="bbox 149 2699 1510 2784; baseline 0.003 -21"><span class='ocrx_word' id='word_1_204' title='bbox 149 2720 252 2764; x_wconf 77' lang='lat' dir='ltr'><strong>omnes</strong></span> <span class='ocrx_word' id='word_1_205' title='bbox 284 2721 374 2783; x_wconf 79' lang='lat' dir='ltr'><strong>emptae</strong></span> <span class='ocrx_word' id='word_1_206' title='bbox 405 2706 440 2764; x_wconf 85' lang='lat' dir='ltr'><strong>iis</strong></span> <span class='ocrx_word' id='word_1_207' title='bbox 467 2722 572 2765; x_wconf 87' lang='lat' dir='ltr'><strong>aureas</strong></span> <span class='ocrx_word' id='word_1_208' title='bbox 601 2707 726 2765; x_wconf 82' lang='lat' dir='ltr'><strong>cortinas</strong></span> <span class='ocrx_word' id='word_1_209' title='bbox 751 2703 875 2784; x_wconf 78' lang='lat' dir='ltr'><strong>Apollini</strong></span> <span class='ocrx_word' id='word_1_210' title='bbox 903 2703 1033 2766; x_wconf 84' lang='lat' dir='ltr'><strong>Palatino</strong></span> <span class='ocrx_word' id='word_1_211' title='bbox 1060 2704 1205 2766; x_wconf 80' lang='lat' dir='ltr'><strong>dedicauit.</strong></span> <span class='ocrx_word' id='word_1_212' title='bbox 1250 2703 1303 2764; x_wconf 80' lang='lat' dir='ltr'><strong>uto</strong></span> <span class='ocrx_word' id='word_1_213' title='bbox 1333 2703 1390 2778; x_wconf 88' lang='lat'><strong>53,</strong></span> <span class='ocrx_word' id='word_1_214' title='bbox 1406 2704 1463 2764; x_wconf 82' lang='lat'><strong>22:</strong></span> <span class='ocrx_word' id='word_1_215' title='bbox 1491 2699 1510 2767; x_wconf 87' lang='grc' dir='ltr'><strong><em>δ</em></strong></span> 
     </span>
     <span class='ocr_line' id='line_1_22' title="bbox 153 2799 1509 2890; baseline 0.001 -24"><span class='ocrx_word' id='word_1_216' title='bbox 153 2799 351 2882; x_wconf 75' lang='grc' dir='ltr'><strong><em>Αὔγουστος</em></strong></span> <span class='ocrx_word' id='word_1_217' title='bbox 373 2804 429 2866; x_wconf 79' lang='grc' dir='ltr'><strong>καὶ</strong></span> <span class='ocrx_word' id='word_1_218' title='bbox 452 2800 649 2886; x_wconf 75' lang='grc' dir='ltr'><strong><em>ἀνδριάντας</em></strong></span> <span class='ocrx_word' id='word_1_219' title='bbox 671 2803 763 2878; x_wconf 86' lang='grc' dir='ltr'><strong><em>τινάς</em></strong></span> <span class='ocrx_word' id='word_1_220' title='bbox 785 2803 904 2868; x_wconf 78' lang='grc' dir='ltr'><strong><em>ἑαυτοῦ</em></strong></span> <span class='ocrx_word' id='word_1_221' title='bbox 926 2801 1082 2888; x_wconf 73' lang='grc' dir='ltr'><strong><em>ἀργυροῦς</em></strong></span> <span class='ocrx_word' id='word_1_222' title='bbox 1104 2801 1188 2889; x_wconf 86' lang='grc' dir='ltr'><strong><em>πρός</em></strong></span> <span class='ocrx_word' id='word_1_223' title='bbox 1202 2829 1237 2869; x_wconf 88' lang='grc' dir='ltr'><strong>τε</strong></span> <span class='ocrx_word' id='word_1_224' title='bbox 1251 2807 1316 2868; x_wconf 81' lang='grc' dir='ltr'><strong>τῶν</strong></span> <span class='ocrx_word' id='word_1_225' title='bbox 1331 2804 1439 2890; x_wconf 81' lang='grc' dir='ltr'><strong><em>φίλων</em></strong></span> <span class='ocrx_word' id='word_1_226' title='bbox 1454 2805 1509 2867; x_wconf 78' lang='grc' dir='ltr'><strong>καὶ</strong></span> 
     </span>
     <span class='ocr_line' id='line_1_23' title="bbox 149 2898 1507 2993; baseline 0.001 -25"><span class='ocrx_word' id='word_1_227' title='bbox 149 2905 239 2985; x_wconf 84' lang='grc' dir='ltr'><strong><em>πρὸς</em></strong></span> <span class='ocrx_word' id='word_1_228' title='bbox 266 2898 381 2990; x_wconf 79' lang='grc' dir='ltr'><strong><em>δήμων</em></strong></span> <span class='ocrx_word' id='word_1_229' title='bbox 409 2908 509 2970; x_wconf 82' lang='grc' dir='ltr'><strong><em>τινῶν</em></strong></span> <span class='ocrx_word' id='word_1_230' title='bbox 538 2903 713 2988; x_wconf 76' lang='grc' dir='ltr'><strong><em>γεγονότας</em></strong></span> <span class='ocrx_word' id='word_1_231' title='bbox 738 2905 771 2981; x_wconf 79' lang='grc' dir='ltr'><strong>ἐς</strong></span> <span class='ocrx_word' id='word_1_232' title='bbox 799 2905 947 2991; x_wconf 88' lang='grc' dir='ltr'><strong><em>νόμισμα</em></strong></span> <span class='ocrx_word' id='word_1_233' title='bbox 973 2911 1137 2993; x_wconf 82' lang='grc' dir='ltr'><strong><em>κατέκοψε</em></strong></span> <span class='ocrx_word' id='word_1_234' title='bbox 1166 2913 1214 2985; x_wconf 87' lang='lat' dir='ltr'><strong>(ol.</strong></span> <span class='ocrx_word' id='word_1_235' title='bbox 1231 2910 1285 2984; x_wconf 83' lang='lat'><strong>52,</strong></span> <span class='ocrx_word' id='word_1_236' title='bbox 1309 2909 1357 2971; x_wconf 88' lang='lat'><strong>35.</strong></span> <span class='ocrx_word' id='word_1_237' title='bbox 1376 2908 1507 2987; x_wconf 82' lang='lat'><strong>54,35).</strong></span> 
     </span>
     <span class='ocr_line' id='line_1_24' title="bbox 149 3007 1508 3094; baseline 0.004 -26"><span class='ocrx_word' id='word_1_238' title='bbox 149 3008 228 3069; x_wconf 90' lang='lat' dir='ltr'><strong>Pliu.</strong></span> <span class='ocrx_word' id='word_1_239' title='bbox 245 3009 275 3070; x_wconf 92' lang='lat' dir='ltr'><strong>h.</strong></span> <span class='ocrx_word' id='word_1_240' title='bbox 290 3028 320 3070; x_wconf 89' lang='lat' dir='ltr'><strong>n.</strong></span> <span class='ocrx_word' id='word_1_241' title='bbox 336 3007 386 3083; x_wconf 82' lang='lat'><strong>33,</strong></span> <span class='ocrx_word' id='word_1_242' title='bbox 405 3009 453 3084; x_wconf 84' lang='lat'><strong>12,</strong></span> <span class='ocrx_word' id='word_1_243' title='bbox 472 3011 546 3070; x_wconf 84' lang='lat'>151:</span> <span class='ocrx_word' id='word_1_244' title='bbox 569 3017 682 3091; x_wconf 82' lang='lat' dir='ltr'><strong>argenti</strong></span> <span class='ocrx_word' id='word_1_245' title='bbox 701 3031 785 3074; x_wconf 77' lang='grc' dir='ltr'><strong><em>υοαυι</em></strong></span> <span class='ocrx_word' id='word_1_246' title='bbox 807 3016 837 3073; x_wconf 84' lang='lat' dir='ltr'><strong>in</strong></span> <span class='ocrx_word' id='word_1_247' title='bbox 858 3023 968 3074; x_wconf 82' lang='lat' dir='ltr'><strong>statuas</strong></span> <span class='ocrx_word' id='word_1_248' title='bbox 988 3017 1115 3092; x_wconf 82' lang='lat' dir='ltr'><strong>prt&#39;mum</strong></span> <span class='ocrx_word' id='word_1_249' title='bbox 1138 3014 1197 3075; x_wconf 70' lang='lat' dir='ltr'><strong>oliui</strong></span> <span class='ocrx_word' id='word_1_250' title='bbox 1210 3014 1331 3094; x_wconf 80' lang='lat' dir='ltr'><strong>Augusti</strong></span> <span class='ocrx_word' id='word_1_251' title='bbox 1350 3022 1508 3093; x_wconf 86' lang='lat' dir='ltr'><strong>temporum</strong></span> 
     </span>
     <span class='ocr_line' id='line_1_25' title="bbox 150 3112 1401 3194; baseline 0.006 -22"><span class='ocrx_word' id='word_1_252' title='bbox 150 3112 320 3174; x_wconf 66' lang='lat' dir='ltr'><strong>anemonae</strong></span> <span class='ocrx_word' id='word_1_253' title='bbox 341 3118 475 3175; x_wconf 75' lang='lat' dir='ltr'><strong>nonense</strong></span> <span class='ocrx_word' id='word_1_254' title='bbox 495 3115 572 3194; x_wconf 80' lang='lat' dir='ltr'><strong>salso</strong></span> <span class='ocrx_word' id='word_1_255' title='bbox 594 3118 784 3176; x_wconf 82' lang='lat' dir='ltr'><strong>eaietimatur.</strong></span> <span class='ocrx_word' id='word_1_256' title='bbox 1397 3115 1401 3126; x_wconf 92' lang='lat'>&#39;</span> 
     </span>
    </p>
   </div>
   <div class='ocr_carea' id='block_1_5' title="bbox 673 3419 990 3497">
    <p class='ocr_par' dir='ltr' id='par_1_5' title="bbox 673 3419 990 3497">
     <span class='ocr_line' id='line_1_26' title="bbox 673 3419 990 3497; baseline 0 -1"><span class='ocrx_word' id='word_1_257' title='bbox 673 3419 848 3496; x_wconf 81' lang='lat' dir='ltr'><strong>OAPV&#39;P</strong></span> <span class='ocrx_word' id='word_1_258' title='bbox 874 3422 990 3497; x_wconf 91' lang='lat' dir='ltr'><strong>XXV</strong></span> 
     </span>
    </p>
   </div>
   <div class='ocr_carea' id='block_1_6' title="bbox 170 3595 1508 4195">
    <p class='ocr_par' dir='ltr' id='par_1_6' title="bbox 170 3595 1508 4195">
     <span class='ocr_line' id='line_1_27' title="bbox 228 3595 1508 3679; baseline 0.007 -25"><span class='ocrx_word' id='word_1_259' title='bbox 228 3614 293 3656; x_wconf 78' lang='lat' dir='ltr'><strong>nar.</strong></span> <span class='ocrx_word' id='word_1_260' title='bbox 310 3597 367 3670; x_wconf 81' lang='lat'><strong>5,1</strong></span> <span class='ocrx_word' id='word_1_261' title='bbox 400 3595 404 3675; x_wconf 96' lang='grc' dir='ltr'>Ι</span> <span class='ocrx_word' id='word_1_262' title='bbox 427 3597 506 3660; x_wconf 83' lang='lat' dir='ltr'><strong>Mare</strong></span> <span class='ocrx_word' id='word_1_263' title='bbox 527 3597 627 3678; x_wconf 81' lang='lat' dir='ltr'><strong>pacari</strong></span> <span class='ocrx_word' id='word_1_264' title='bbox 648 3597 664 3658; x_wconf 78' lang='lat' dir='ltr'><strong>a</strong></span> <span class='ocrx_word' id='word_1_265' title='bbox 685 3598 891 3679; x_wconf 89' lang='lat' dir='ltr'><strong>praedonibus.</strong></span> <span class='ocrx_word' id='word_1_266' title='bbox 922 3600 963 3661; x_wconf 80' lang='lat' dir='ltr'><strong>Eo</strong></span> <span class='ocrx_word' id='word_1_267' title='bbox 986 3600 1062 3661; x_wconf 92' lang='lat' dir='ltr'><strong>hello</strong></span> <span class='ocrx_word' id='word_1_268' title='bbox 1085 3603 1248 3673; x_wconf 84' lang='lat' dir='ltr'><strong>servorum,</strong></span> <span class='ocrx_word' id='word_1_269' title='bbox 1270 3599 1321 3679; x_wconf 91' lang='lat' dir='ltr'><strong>qui</strong></span> <span class='ocrx_word' id='word_1_270' title='bbox 1342 3603 1508 3678; x_wconf 84' lang='lat' dir='ltr'><strong>ingeranth</strong></span> 
     </span>
     <span class='ocr_line' id='line_1_28' title="bbox 353 3700 1507 3783; baseline 0.004 -22"><span class='ocrx_word' id='word_1_271' title='bbox 353 3719 367 3761; x_wconf 82' lang='lat' dir='ltr'><strong>a</strong></span> <span class='ocrx_word' id='word_1_272' title='bbox 398 3700 525 3762; x_wconf 90' lang='lat' dir='ltr'><strong>dominis</strong></span> <span class='ocrx_word' id='word_1_273' title='bbox 544 3701 548 3782; x_wconf 95' lang='grc' dir='ltr'>Ι</span> <span class='ocrx_word' id='word_1_274' title='bbox 568 3703 631 3764; x_wconf 87' lang='lat' dir='ltr'><strong>suis</strong></span> <span class='ocrx_word' id='word_1_275' title='bbox 660 3710 690 3764; x_wconf 92' lang='lat' dir='ltr'><strong>et</strong></span> <span class='ocrx_word' id='word_1_276' title='bbox 716 3721 797 3764; x_wconf 90' lang='lat' dir='ltr'><strong>arma</strong></span> <span class='ocrx_word' id='word_1_277' title='bbox 818 3705 922 3765; x_wconf 79' lang='lat' dir='ltr'><strong>contri</strong></span> <span class='ocrx_word' id='word_1_278' title='bbox 943 3722 1007 3770; x_wconf 86' lang='lat' dir='ltr'><strong>rem</strong></span> <span class='ocrx_word' id='word_1_279' title='bbox 1030 3701 1177 3783; x_wconf 81' lang='lat' dir='ltr'><strong>publicam</strong></span> <span class='ocrx_word' id='word_1_280' title='bbox 1200 3703 1354 3783; x_wconf 79' lang='lat' dir='ltr'><strong>ceperant,</strong></span> <span class='ocrx_word' id='word_1_281' title='bbox 1387 3703 1507 3783; x_wconf 90' lang='lat' dir='ltr'><strong>triginta</strong></span> 
     </span>
     <span class='ocr_line' id='line_1_29' title="bbox 354 3803 1507 3888; baseline 0.005 -26"><span class='ocrx_word' id='word_1_282' title='bbox 354 3821 366 3862; x_wconf 84' lang='lat' dir='ltr'><strong>a</strong></span> <span class='ocrx_word' id='word_1_283' title='bbox 396 3805 455 3864; x_wconf 89' lang='lat' dir='ltr'><strong>lere</strong></span> <span class='ocrx_word' id='word_1_284' title='bbox 478 3803 569 3866; x_wconf 92' lang='lat' dir='ltr'><strong>millia</strong></span> <span class='ocrx_word' id='word_1_285' title='bbox 590 3809 707 3886; x_wconf 81' lang='lat' dir='ltr'><strong>capta§</strong></span> <span class='ocrx_word' id='word_1_286' title='bbox 727 3804 731 3888; x_wconf 98' lang='grc' dir='ltr'>Ι</span> <span class='ocrx_word' id='word_1_287' title='bbox 751 3805 879 3867; x_wconf 90' lang='lat' dir='ltr'><strong>dominis</strong></span> <span class='ocrx_word' id='word_1_288' title='bbox 901 3807 938 3868; x_wconf 91' lang='lat' dir='ltr'><strong>ad</strong></span> <span class='ocrx_word' id='word_1_289' title='bbox 961 3805 1138 3886; x_wconf 89' lang='lat' dir='ltr'><strong>supplicium</strong></span> <span class='ocrx_word' id='word_1_290' title='bbox 1162 3805 1340 3867; x_wconf 89' lang='lat' dir='ltr'><strong>sumendum</strong></span> <span class='ocrx_word' id='word_1_291' title='bbox 1357 3807 1507 3883; x_wconf 79' lang='lat' dir='ltr'><strong>tradidi.§</strong></span> 
     </span>
     <span class='ocr_line' id='line_1_30' title="bbox 170 3901 1507 3994; baseline 0.006 -29"><span class='ocrx_word' id='word_1_292' title='bbox 170 3921 217 3965; x_wconf 85' lang='lat' dir='ltr'><strong>cn.</strong></span> <span class='ocrx_word' id='word_1_293' title='bbox 235 3903 290 3989; x_wconf 75' lang='lat'><strong>13,</strong></span> <span class='ocrx_word' id='word_1_294' title='bbox 301 3924 327 3966; x_wconf 84' lang='grc' dir='ltr'><strong>ιι</strong></span> <span class='ocrx_word' id='word_1_295' title='bbox 341 3926 368 3968; x_wconf 74' lang='grc' dir='ltr'><strong>ιο</strong></span> <span class='ocrx_word' id='word_1_296' title='bbox 397 3901 596 3986; x_wconf 75' lang='grc' dir='ltr'><strong>ΘάλασσαΙνΙ</strong></span> <span class='ocrx_word' id='word_1_297' title='bbox 619 3909 898 3992; x_wconf 82' lang='grc' dir='ltr'><strong><em>πειρατευομένην</em></strong></span> <span class='ocrx_word' id='word_1_298' title='bbox 924 3903 991 3971; x_wconf 79' lang='grc' dir='ltr'><strong>ὑπὸ</strong></span> <span class='ocrx_word' id='word_1_299' title='bbox 1018 3903 1217 3970; x_wconf 76' lang='grc' dir='ltr'><strong><em>ἀποστατῶν</em></strong></span> <span class='ocrx_word' id='word_1_300' title='bbox 1243 3905 1380 3986; x_wconf 82' lang='grc' dir='ltr'><strong><em>δούΙλων</em></strong></span> <span class='ocrx_word' id='word_1_301' title='bbox 1408 3906 1507 3994; x_wconf 71' lang='grc' dir='ltr'><strong><em>[εἰρή-</em></strong></span> 
     </span>
     <span class='ocr_line' id='line_1_31' title="bbox 347 4002 1507 4093; baseline 0.007 -25"><span class='ocrx_word' id='word_1_302' title='bbox 347 4029 370 4069; x_wconf 83' lang='grc' dir='ltr'><strong>ιι</strong></span> <span class='ocrx_word' id='word_1_303' title='bbox 397 4010 519 4086; x_wconf 85' lang='grc' dir='ltr'><strong><em>νΙευσα·</em></strong></span> <span class='ocrx_word' id='word_1_304' title='bbox 543 4007 579 4080; x_wconf 78' lang='grc' dir='ltr'><strong>ἐξ</strong></span> <span class='ocrx_word' id='word_1_305' title='bbox 597 4002 643 4072; x_wconf 79' lang='grc' dir='ltr'><strong>ἀν</strong></span> <span class='ocrx_word' id='word_1_306' title='bbox 657 4021 743 4093; x_wconf 76' lang='grc' dir='ltr'><strong><em>τρεῖς</em></strong></span> <span class='ocrx_word' id='word_1_307' title='bbox 758 4030 825 4073; x_wconf 85' lang='grc' dir='ltr'><strong>που</strong></span> <span class='ocrx_word' id='word_1_308' title='bbox 840 4009 1004 4093; x_wconf 82' lang='grc' dir='ltr'><strong><em>μυριάδας</em></strong></span> <span class='ocrx_word' id='word_1_309' title='bbox 1018 4020 1088 4083; x_wconf 73' lang='grc' dir='ltr'><strong><em>τοῖς</em></strong></span> <span class='ocrx_word' id='word_1_310' title='bbox 1107 4009 1112 4093; x_wconf 96' lang='grc' dir='ltr'>Ι</span> <span class='ocrx_word' id='word_1_311' title='bbox 1131 4007 1329 4090; x_wconf 87' lang='grc' dir='ltr'><strong><em>δεΙσπδταιΙς</em></strong></span> <span class='ocrx_word' id='word_1_312' title='bbox 1344 4013 1392 4086; x_wconf 74' lang='grc' dir='ltr'><strong>εἰς</strong></span> <span class='ocrx_word' id='word_1_313' title='bbox 1407 4009 1507 4076; x_wconf 80' lang='grc' dir='ltr'><strong><em>κόλα-</em></strong></span> 
     </span>
     <span class='ocr_line' id='line_1_32' title="bbox 399 4111 698 4195; baseline 0.01 -23"><span class='ocrx_word' id='word_1_314' title='bbox 399 4127 454 4174; x_wconf 87' lang='grc' dir='ltr'><strong>σιν</strong></span> <span class='ocrx_word' id='word_1_315' title='bbox 477 4111 664 4195; x_wconf 79' lang='grc' dir='ltr'><strong><em>παρέδωκα.</em></strong></span> <span class='ocrx_word' id='word_1_316' title='bbox 680 4119 698 4187; x_wconf 88' lang='lat'>§</span> 
     </span>
    </p>
   </div>
   <div class='ocr_carea' id='block_1_7' title="bbox 153 4240 1509 4739">
    <p class='ocr_par' dir='ltr' id='par_1_7' title="bbox 153 4240 1509 4739">
     <span class='ocr_line' id='line_1_33' title="bbox 154 4240 1505 4323; baseline 0.005 -23"><span class='ocrx_word' id='word_1_317' title='bbox 154 4240 303 4301; x_wconf 86' lang='lat' dir='ltr'><strong>Pertinere</strong></span> <span class='ocrx_word' id='word_1_318' title='bbox 326 4240 397 4302; x_wconf 87' lang='lat' dir='ltr'><strong>haee</strong></span> <span class='ocrx_word' id='word_1_319' title='bbox 418 4241 455 4303; x_wconf 89' lang='lat' dir='ltr'><strong>ad</strong></span> <span class='ocrx_word' id='word_1_320' title='bbox 476 4242 585 4304; x_wconf 88' lang='lat' dir='ltr'><strong>bellum</strong></span> <span class='ocrx_word' id='word_1_321' title='bbox 608 4261 675 4304; x_wconf 90' lang='lat' dir='ltr'><strong>cum</strong></span> <span class='ocrx_word' id='word_1_322' title='bbox 698 4244 764 4305; x_wconf 85' lang='lat' dir='ltr'><strong>Sex.</strong></span> <span class='ocrx_word' id='word_1_323' title='bbox 780 4241 921 4323; x_wconf 91' lang='lat' dir='ltr'><strong>Pompeio</strong></span> <span class='ocrx_word' id='word_1_324' title='bbox 944 4251 1058 4322; x_wconf 91' lang='lat' dir='ltr'><strong>gestum</strong></span> <span class='ocrx_word' id='word_1_325' title='bbox 1081 4243 1224 4307; x_wconf 83' lang='lat' dir='ltr'><strong>intellexit</strong></span> <span class='ocrx_word' id='word_1_326' title='bbox 1245 4243 1423 4308; x_wconf 82' lang='lat' dir='ltr'><strong>Chishullus.</strong></span> <span class='ocrx_word' id='word_1_327' title='bbox 1462 4245 1505 4309; x_wconf 85' lang='lat' dir='ltr'><strong>Cf.</strong></span> 
     </span>
     <span class='ocr_line' id='line_1_34' title="bbox 153 4340 1505 4427; baseline 0.006 -24"><span class='ocrx_word' id='word_1_328' title='bbox 153 4343 230 4404; x_wconf 82' lang='lat' dir='ltr'><strong>iufra</strong></span> <span class='ocrx_word' id='word_1_329' title='bbox 253 4344 287 4417; x_wconf 82' lang='lat'><strong>5,</strong></span> <span class='ocrx_word' id='word_1_330' title='bbox 304 4340 354 4404; x_wconf 84' lang='lat'><strong>33.</strong></span> <span class='ocrx_word' id='word_1_331' title='bbox 370 4343 426 4404; x_wconf 81' lang='lat'><strong>34:</strong></span> <span class='ocrx_word' id='word_1_332' title='bbox 453 4344 580 4407; x_wconf 80' lang='lat' dir='ltr'><strong>Siciliam</strong></span> <span class='ocrx_word' id='word_1_333' title='bbox 602 4355 629 4408; x_wconf 85' lang='lat' dir='ltr'><strong>et</strong></span> <span class='ocrx_word' id='word_1_334' title='bbox 650 4344 818 4408; x_wconf 79' lang='lat' dir='ltr'><strong>Sardiniam</strong></span> <span class='ocrx_word' id='word_1_335' title='bbox 841 4356 990 4427; x_wconf 83' lang='lat' dir='ltr'><strong>ocutpatas</strong></span> <span class='ocrx_word' id='word_1_336' title='bbox 1012 4347 1084 4410; x_wconf 84' lang='lat' dir='ltr'><strong>hello</strong></span> <span class='ocrx_word' id='word_1_337' title='bbox 1106 4348 1210 4409; x_wconf 73' lang='lat' dir='ltr'><strong>sacili.</strong></span> <span class='ocrx_word' id='word_1_338' title='bbox 1256 4347 1381 4410; x_wconf 85' lang='lat' dir='ltr'><strong>Velleius</strong></span> <span class='ocrx_word' id='word_1_339' title='bbox 1405 4348 1434 4423; x_wconf 83' lang='lat'><strong>2,</strong></span> <span class='ocrx_word' id='word_1_340' title='bbox 1451 4348 1505 4411; x_wconf 84' lang='lat'><strong>73:</strong></span> 
     </span>
     <span class='ocr_line' id='line_1_35' title="bbox 156 4445 1509 4531; baseline 0.005 -24"><span class='ocrx_word' id='word_1_341' title='bbox 156 4446 235 4519; x_wconf 86' lang='lat' dir='ltr'><strong>(Sex.</strong></span> <span class='ocrx_word' id='word_1_342' title='bbox 249 4445 421 4526; x_wconf 86' lang='lat' dir='ltr'><strong>Pompeius)</strong></span> <span class='ocrx_word' id='word_1_343' title='bbox 444 4459 580 4528; x_wconf 80' lang='lat' dir='ltr'><strong>eampum</strong></span> <span class='ocrx_word' id='word_1_344' title='bbox 600 4447 699 4510; x_wconf 80' lang='lat' dir='ltr'><strong>Sicilia</strong></span> <span class='ocrx_word' id='word_1_345' title='bbox 724 4452 838 4511; x_wconf 74' lang='lat' dir='ltr'><strong>canitia</strong></span> <span class='ocrx_word' id='word_1_346' title='bbox 863 4450 1050 4531; x_wconf 74' lang='lat' dir='ltr'><strong>fugitiuosque</strong></span> <span class='ocrx_word' id='word_1_347' title='bbox 1071 4455 1103 4512; x_wconf 89' lang='lat' dir='ltr'><strong>in</strong></span> <span class='ocrx_word' id='word_1_348' title='bbox 1123 4467 1276 4513; x_wconf 81' lang='lat' dir='ltr'><strong>nuaurnm</strong></span> <span class='ocrx_word' id='word_1_349' title='bbox 1298 4457 1438 4514; x_wconf 70' lang='lat' dir='ltr'><strong>meratus</strong></span> <span class='ocrx_word' id='word_1_350' title='bbox 1460 4457 1509 4516; x_wconf 86' lang='lat' dir='ltr'><strong>sui</strong></span> 
     </span>
     <span class='ocr_line' id='line_1_36' title="bbox 155 4551 1506 4636; baseline 0.007 -27"><span class='ocrx_word' id='word_1_351' title='bbox 155 4552 292 4628; x_wconf 76' lang='lat' dir='ltr'><strong>reupa&#39;ens</strong></span> <span class='ocrx_word' id='word_1_352' title='bbox 312 4567 448 4629; x_wconf 69' lang='lat' dir='ltr'><strong>mamaeam</strong></span> <span class='ocrx_word' id='word_1_353' title='bbox 473 4551 587 4612; x_wconf 81' lang='lat' dir='ltr'><strong>modum</strong></span> <span class='ocrx_word' id='word_1_354' title='bbox 615 4551 756 4632; x_wconf 76' lang='lat' dir='ltr'><strong>tegimenta</strong></span> <span class='ocrx_word' id='word_1_355' title='bbox 778 4553 910 4633; x_wconf 76' lang='lat' dir='ltr'><strong>effecerat</strong></span> <span class='ocrx_word' id='word_1_356' title='bbox 934 4570 1041 4634; x_wconf 75' lang='lat' dir='ltr'><strong>pergite</strong></span> <span class='ocrx_word' id='word_1_357' title='bbox 1063 4553 1177 4616; x_wconf 86' lang='lat' dir='ltr'><strong>Menam</strong></span> <span class='ocrx_word' id='word_1_358' title='bbox 1198 4565 1225 4616; x_wconf 86' lang='lat' dir='ltr'><strong>at</strong></span> <span class='ocrx_word' id='word_1_359' title='bbox 1246 4553 1429 4618; x_wconf 82' lang='lat' dir='ltr'><strong>Menecraten</strong></span> <span class='ocrx_word' id='word_1_360' title='bbox 1447 4577 1506 4636; x_wconf 90' lang='lat' dir='ltr'><strong>pa-</strong></span> 
     </span>
     <span class='ocr_line' id='line_1_37' title="bbox 156 4651 1506 4739; baseline 0.007 -27"><span class='ocrx_word' id='word_1_361' title='bbox 156 4661 249 4714; x_wconf 82' lang='lat' dir='ltr'><strong>ternos</strong></span> <span class='ocrx_word' id='word_1_362' title='bbox 271 4651 385 4714; x_wconf 80' lang='lat' dir='ltr'><strong>lahertos</strong></span> <span class='ocrx_word' id='word_1_363' title='bbox 403 4655 565 4732; x_wconf 80' lang='lat' dir='ltr'><strong>praefectos</strong></span> <span class='ocrx_word' id='word_1_364' title='bbox 586 4655 719 4716; x_wconf 71' lang='lat' dir='ltr'><strong>elmerum</strong></span> <span class='ocrx_word' id='word_1_365' title='bbox 741 4654 897 4717; x_wconf 69' lang='lat' dir='ltr'><strong>latrociniis</strong></span> <span class='ocrx_word' id='word_1_366' title='bbox 918 4675 952 4717; x_wconf 87' lang='lat' dir='ltr'><strong>aa</strong></span> <span class='ocrx_word' id='word_1_367' title='bbox 970 4657 1206 4736; x_wconf 79' lang='lat' dir='ltr'><strong>praedationibus</strong></span> <span class='ocrx_word' id='word_1_368' title='bbox 1225 4659 1360 4739; x_wconf 70' lang='lat' dir='ltr'><strong>infestato</strong></span> <span class='ocrx_word' id='word_1_369' title='bbox 1376 4663 1453 4721; x_wconf 81' lang='lat' dir='ltr'><strong>mari</strong></span> <span class='ocrx_word' id='word_1_370' title='bbox 1467 4661 1506 4722; x_wconf 80' lang='lat' dir='ltr'><strong>aa</strong></span> 
     </span>
    </p>
   </div>
   <div class='ocr_carea' id='block_1_8' title="bbox 155 4757 1505 4914">
    <p class='ocr_par' dir='ltr' id='par_1_8' title="bbox 155 4757 1505 4914">
     <span class='ocr_line' id='line_1_38' title="bbox 155 4757 1505 4841; baseline 0.007 -26"><span class='ocrx_word' id='word_1_371' title='bbox 155 4772 182 4815; x_wconf 83' lang='lat' dir='ltr'><strong>te</strong></span> <span class='ocrx_word' id='word_1_372' title='bbox 208 4759 420 4835; x_wconf 71' lang='lat' dir='ltr'><strong>mutilumque</strong></span> <span class='ocrx_word' id='word_1_373' title='bbox 448 4757 586 4818; x_wconf 75' lang='lat' dir='ltr'><strong>tuendum</strong></span> <span class='ocrx_word' id='word_1_374' title='bbox 610 4769 693 4838; x_wconf 84' lang='lat' dir='ltr'><strong>rapto</strong></span> <span class='ocrx_word' id='word_1_375' title='bbox 717 4757 865 4832; x_wconf 83' lang='lat' dir='ltr'><strong>utebatur,</strong></span> <span class='ocrx_word' id='word_1_376' title='bbox 894 4778 957 4820; x_wconf 88' lang='lat' dir='ltr'><strong>cum</strong></span> <span class='ocrx_word' id='word_1_377' title='bbox 983 4779 1047 4822; x_wconf 88' lang='lat' dir='ltr'><strong>enm</strong></span> <span class='ocrx_word' id='word_1_378' title='bbox 1072 4778 1130 4822; x_wconf 92' lang='lat' dir='ltr'><strong>non</strong></span> <span class='ocrx_word' id='word_1_379' title='bbox 1159 4761 1310 4841; x_wconf 66' lang='lat' dir='ltr'><strong>dmuderet</strong></span> <span class='ocrx_word' id='word_1_380' title='bbox 1331 4763 1505 4824; x_wconf 78' lang='lat' dir='ltr'><strong>vindicatum</strong></span> 
     </span>
     <span class='ocr_line' id='line_1_39' title="bbox 1329 4863 1345 4914; baseline 0 0"><span class='ocrx_word' id='word_1_381' title='bbox 1329 4863 1345 4914; x_wconf 85' lang='lat' dir='ltr'><strong>l</strong></span> 
     </span>
    </p>
   </div>
   <div class='ocr_carea' id='block_1_9' title="bbox 0 0 1768 5417">
    <p class='ocr_par' dir='ltr' id='par_1_9' title="bbox 0 0 1768 5417">
     <span class='ocr_line' id='line_1_40' title="bbox 0 0 1768 5417; baseline 0 0"><span class='ocrx_word' id='word_1_382' title='bbox 0 0 1768 5417; x_wconf 95' lang='lat' dir='ltr'><strong> </strong></span> 
     </span>
    </p>
   </div>
  </div>
 </body>
</html>
