3525 5417
218 295 259 358 ῃ
804 286 857 356 111,
875 289 981 344 es-eo

216 475 276 534 tino
303 472 390 534 nolite
413 514 470 532 ...
493 471 534 534 bis
562 488 632 532 usne
653 479 701 540 eat,
722 470 808 532 mosel
830 471 868 532 od
888 467 1064 551 praesidium
1087 467 1264 530 coloniorum
1286 467 1434 546 lllyriorum
1457 473 1570 530 contiu-

216 578 358 655 pondooe,
393 578 495 636 iterum
522 573 561 633 od
590 571 707 635 touelom
732 577 812 654 ripoe
844 573 938 636 Rheni
961 573 1103 652 fluminis,
1136 589 1234 652 eosque
1261 589 1356 633 soreos
1383 571 1475 634 odbooo
1502 575 1572 633 ciris

219 681 387 759 seminisque
411 676 654 756 pecuniosioribus
677 677 796 740 indictos
817 697 851 740 oo
872 681 931 739 sine
953 695 1036 738 moro
1056 681 1243 738 manumissos
1264 677 1315 738 sud
1332 681 1433 756 priore
1455 676 1570 756 (malim

215 779 440 866 priooloenillo
461 779 558 842 lubuit
577 799 666 861 neque
688 789 738 841 mu
760 785 924 843 commeator
941 799 1004 842 cnm
1018 783 1147 860 moeones
1161 791 1212 842 out
1226 781 1322 842 eodem
1336 781 1419 842 modo
1434 791 1573 843 omeotos.

220 884 383 946 Macrobius
411 891 465 944 sat.
491 883 588 955 1,11,
614 881 667 943 33:
704 881 811 944 Coesor
840 883 981 964 dispostas
1006 888 1038 944 io
1067 883 1222 946 Gormooio
1248 895 1274 945 et
1299 884 1417 963 illyrico
1447 885 1574 946 cohortes

221 987 419 1050 libertinorum
442 986 598 1067 complures
612 986 685 1065 legit,
708 1006 779 1067 quos
792 987 970 1050 oolooaetore'os
984 984 1180 1068 oppellooit1).
1212 989 1379 1050 Secundum
1397 990 1468 1050 baec
1483 987 1574 1050 Tibe-

221 1092 283 1153 rius
310 1100 412 1153 contra
433 1089 645 1152 Maroboduum
672 1089 887 1170 expeditionem
911 1092 1008 1152 bieme
1035 1110 1060 1153 a.
1081 1091 1176 1153 7589
1203 1091 1365 1173 suscipiens
1387 1110 1574 1172 nequaquam

221 1193 373 1257 duodecim
401 1193 530 1272 legiones
557 1193 612 1254 sub
638 1192 729 1272 signis
752 1193 858 1255 babere
880 1193 1018 1274 potuit²l.
1061 1195 1135 1256 Nam
1159 1205 1192 1258 ut
1213 1196 1327 1258 mittam
1351 1195 1459 1258 iunctis
1481 1196 1574 1276 copiis

222 1297 402 1360 Germanicis
424 1308 459 1359 et·
475 1295 635 1377 lllyricanis
657 1297 705 1357 vix
727 1307 842 1359 tantum
865 1317 1024 1360 numerum
1048 1299 1124 1362 ellici
1146 1299 1285 1381 potuisse,
1309 1318 1376 1361 cum
1400 1300 1574 1380 praesertim

222 1423 257 1464 ex
283 1400 439 1464 Germania
468 1401 619 1463 universae
647 1400 747 1481 copiae
774 1401 886 1464 avocari
916 1401 1086 1482 nequirent,
1115 1403 1139 1464 si
1168 1402 1303 1466 Tiberius
1336 1413 1381 1466 tot
1409 1403 1574 1484 legionibus

114 1503 118 1508 ’
221 1506 329 1568 bellum
351 1504 553 1566 Pannonicum
576 1505 685 1585 coepit,
709 1503 812 1567 deinde
835 1505 931 1585 primo
958 1525 1034 1568 anno
1061 1514 1091 1568 et
1117 1507 1214 1588 copias
1242 1527 1277 1568 ex
1309 1507 1382 1570 urbe
1413 1508 1524 1588 aceepit
1546 1517 1577 1570 et

221 1610 350 1690 quinque
371 1608 501 1688 legiones
523 1627 557 1669 ex
572 1608 776 1670 transmarinis
792 1608 960 1689 provinciis,
982 1611 1131 1690 quomodo
1146 1609 1271 1672 Velleius
1286 1611 1463 1673 contendere
1478 1611 1578 1692 potuit

221 1714 329 1776 iunctis
356 1711 531 1774 exercitibus
562 1731 631 1773 eum
662 1712 762 1773 decem
790 1712 955 1791 legionibus
981 1715 1157 1794 praefuisse,
1187 1715 1345 1776 Suetonius
1373 1733 1442 1777 eum
1465 1715 1576 1776 bellum

222 1817 347 1899 gessisse
374 1833 442 1878 cum
467 1814 630 1895 legionibus
656 1815 837 1895 quindecim,
865 1835 1024 1879 numerum
1052 1836 1163 1898 ponens
1194 1818 1295 1898 utique
1318 1837 1405 1897 quem
1434 1819 1578 1881 babuerat

223 1917 409 1984 maximnm?
452 1920 549 1993 Quare
576 1929 627 1982 aut
648 1919 843 1982 blaroboduus
866 1919 958 1981 Taciti
981 1920 1134 2000 gloriosius
1156 1941 1244 2002 quam
1268 1922 1365 1983 verius
1392 1922 1509 1984 locutus
1531 1933 1578 1984 est

222 2033 274 2087 aut
300 2022 454 2085 duodecim
481 2022 610 2103 legiones
636 2023 701 2085 illae
728 2033 758 2085 et
786 2042 840 2104 pax
870 2023 1001 2085 insecuta
1022 2043 1082 2086 non
1105 2024 1141 2086 ad
1163 2024 1231 2086 belli
1252 2025 1411 2087 Pannonici
1434 2026 1578 2107 principia

222 2127 390 2190 referendae
412 2135 496 2199 sunt3
518 2125 547 2188 id
570 2128 648 2206 quod
669 2135 748 2188 recte
770 2125 886 2188 admitti
908 2136 1013 2206 potest.
1055 2127 1127 2190 Nam
1144 2129 1221 2208 quod
1237 2129 1323 2208 vulgo
1339 2129 1426 2191 bodie
1442 2139 1580 2192 statuunt

223 2232 373 2294 Tiberium
401 2231 506 2292 nuntio
534 2230 569 2291 de
597 2229 755 2292 rebellione
782 2228 888 2309 lllyrici
910 2239 1027 2310 accepto
1050 2249 1150 2312 pacem
1174 2231 1277 2294 fecisse
1300 2251 1366 2293 cum
1388 2232 1578 2307 llaroboduo,

223 2344 357 2399 auctores
384 2352 444 2395 non
474 2319 670 2408 tradiderunt3
700 2332 825 2394 Velleius
848 2331 877 2406 2,
903 2334 962 2394 110
989 2334 1025 2395 ab
1051 2335 1234 2415 expeditione
1256 2335 1406 2396 Tiberium
1430 2335 1580 2398 destitisse

226 2439 370 2520 significat
395 2437 475 2519 pacis
501 2437 581 2499 nulla
610 2437 760 2500 mentione
787 2440 875 2510 facta,
903 2435 956 2497 llio
979 2439 1028 2509 55,
1051 2438 1092 2499 28
1122 2439 1326 2500 tantummodo
1358 2438 1398 2500 ait
1425 2440 1581 2502 Germanis

226 2543 393 2626 petentibus
416 2559 516 2622 pacem
540 2559 707 2602 concessam
730 2560 803 2603 esse.
841 2541 936 2602 lmmo
958 2541 1078 2604 callidus
1099 2554 1129 2605 et
1152 2543 1290 2624 providus
1313 2543 1372 2605 dux
1394 2562 1462 2605 cum
1482 2544 1582 2605 blano-

226 2648 324 2710 boduo
345 2644 490 2727 pepigisse
510 2653 609 2726 potest
630 2655 680 2708 aut
701 2665 753 2726 per
774 2645 883 2707 bellum
904 2644 1106 2708 Pannonicum
1128 2656 1180 2708 aut
1201 2666 1235 2709 eo
1258 2646 1379 2708 finiente
1400 2646 1529 2720 sonitore,
1551 2659 1583 2710 et

230 2752 270 2813 ita
292 2757 370 2811 recte
392 2767 444 2810 rex
465 2748 560 2810 dicere
576 2748 724 2811 Romanos
747 2749 918 2829 cogitavisse
941 2749 976 2810 de
991 2749 1066 2810 bello
1081 2757 1182 2811 canna
1198 2749 1294 2829 ipsum
1311 2750 1495 2830 suscipiendo
1511 2770 1580 2813 cum

228 2852 389 2933 legionibus
416 2869 467 2912 xor.
511 2850 662 2914 Exercitus
688 2852 790 2932 igitur,
818 2872 876 2933 quo
899 2852 1034 2915 Tiberius
1057 2852 1268 2914 Maroboduum
1291 2854 1407 2933 aggredi
1430 2863 1582 2922 statuerat.

230 2977 281 3019 sex
303 2959 363 3018 fere
384 2956 534 3034 legionum
555 2955 670 3018 videtur
691 2956 798 3030 fuisse,
826 2955 931 3018 deinde
953 2956 989 3018 ad
1012 2956 1177 3035 quindecim
1201 2975 1358 3018 numerum
1381 2958 1507 3019 creuisse
1529 2959 1583 3021 ad·

229 3060 326 3125 ductis
348 3058 478 3140 quinque
499 3059 662 3139 legionibus
685 3062 830 3123 veteranis
844 3075 879 3121 ex
895 3060 1024 3140 Aegypto
1039 3069 1069 3122 et
1085 3059 1175 3140 Syria,
1199 3059 1262 3121 aliis
1277 3068 1375 3121 autem
1392 3079 1494 3122 recens
1509 3080 1583 3122 con-

231 3164 347 3245 scriptis
374 3181 410 3225 ex
436 3162 526 3225 ltalia.
570 3162 612 3224 lta
635 3181 723 3243 quam
747 3181 835 3243 supra
856 3161 998 3243 proposui
1020 3162 1216 3224 coniecturam
1240 3171 1307 3223 octo
1328 3161 1455 3243 legiones
1486 3183 1502 3224 a
1532 3183 1583 3224 xrn

233 3270 269 3332 ad
297 3287 334 3328 xx
360 3274 472 3328 creatas
502 3285 565 3327 esse
596 3265 661 3346 ipso
686 3284 764 3329 anno
788 3267 849 3327 759
870 3275 992 3346 propter
1013 3265 1121 3327 bobum
1144 3264 1355 3338 Pannonicum,
1378 3265 1492 3345 egregie
1514 3285 1583 3328 cum

231 3372 267 3434 iis
289 3369 469 3444 conciliatur,
491 3388 566 3451 quae
588 3369 735 3432 derebus
757 3387 810 3450 per
830 3389 880 3430 eos
903 3386 996 3430 annos
1019 3369 1107 3447 gestis
1128 3367 1340 3448 dilectibusque
1360 3368 1503 3430 institutis
1523 3379 1585 3432 tra·

231 3476 290 3538 dita
318 3474 491 3554 accepimus.
534 3472 676 3536 Videntur
702 3483 800 3536 autem
832 3493 868 3534 ex
893 3471 1056 3552 legionibus
1086 3491 1188 3533 recens
1215 3470 1389 3553 conscriptis
1411 3473 1485 3534 duae
1507 3475 1586 3537 solae

233 3579 290 3662 ipsi
312 3577 387 3640 bebo
402 3577 579 3653 interfuisse,
601 3577 730 3658 reliquae
745 3577 776 3638 in
792 3575 979 3638 Germaniam
1001 3574 1107 3638 missae
1122 3594 1187 3636 esse
1201 3575 1232 3636 in
1247 3575 1345 3638 locum
1362 3575 1428 3638 inde
1444 3578 1586 3640 deducta·

232 3746 444 3756 *...-.-

334 3857 355 3920 ι)
379 3855 447 3907 llaec
466 3855 492 3905 ni
510 3853 589 3906 fallor
607 3854 679 3920 origo
698 3861 739 3904 est
755 3853 898 3904 cohortium
909 3851 1058 3903 Italicorum
1078 3853 1279 3904 ooleontoriorune
1297 3853 1587 3918 anconitanensem,

235 3957 340 4011 quernus
359 3941 479 4008 quaedam
497 3948 578 4005 certe,
595 3949 625 3992 ut
637 3957 684 3990 suu
698 3956 733 3990 xv.
747 3955 822 3989 ιιιιιι.
834 3955 887 3988 xxr.
901 3955 962 3989 xxrr.
975 3955 1028 3988 xxx.
1042 3954 1104 3989 xxxu
1117 3940 1242 4010 durarunt
1253 3937 1412 4004 (Marquardt
1423 3937 1588 3994 Stoatsterao.

234 4031 249 4079 2
267 4045 291 4095 p.
304 4028 378 4090 452);
402 4028 487 4079 solent
510 4027 574 4077 enim
599 4027 671 4078 servi
690 4026 721 4077 ob
739 4025 855 4075 militiam
873 4025 1021 4076 manumissi
1040 4025 1139 4076 nornine
1166 4025 1286 4076 volonum
1304 4027 1361 4076 sive
1380 4025 1587 4080 voluntariorum

235 4116 273 4166 uti
291 4121 318 4164 et
335 4121 393 4180 apto
412 4113 480 4178 (biv.
499 4111 542 4179 22,
555 4115 595 4179 57,
610 4112 651 4178 ll)
668 4120 694 4162 et
712 4112 805 4163 decoro
818 4109 920 4173 (Festus
939 4126 977 4178 ep.
990 4127 1013 4177 p.
1028 4110 1089 4174 3703
1109 4109 1197 4163 Livius
1217 4109 1259 4174 23,
1276 4111 1318 4174 35,
1331 4111 1359 4174 6;
1378 4112 1433 4163 vita
1445 4112 1524 4165 Marci
1543 4115 1589 4179 m)

235 4200 445 4266 intellegiturque
463 4199 498 4250 ita
517 4215 569 4264 eur,
588 4214 644 4249 cum
661 4197 757 4248 milites
774 4212 860 4247 eorum
873 4198 944 4248 cives
957 4197 1061 4249 Romani
1074 4197 1136 4260 sint,
1155 4197 1345 4250 condicionibus
1357 4199 1464 4250 militiae
1483 4209 1590 4254 utantur

235 4288 265 4337 ad
290 4287 388 4337 modum
412 4285 467 4336 fere
489 4285 688 4352 peregrinorum.
725 4283 841 4334 Ceterum
863 4284 987 4347 originem
1005 4284 1060 4336 dico
1080 4284 1184 4335 duxisse
1203 4284 1321 4334 cobortes
1339 4299 1383 4335 eas
1402 4300 1433 4336 en
1456 4285 1589 4340 libertinis

236 4373 268 4422 nd
281 4379 465 4422 sacramentum
482 4371 609 4434 admissis,
627 4387 677 4420 non
689 4369 817 4437 suppletas
830 4385 887 4421 esse
900 4386 931 4420 ex
943 4372 1029 4422 eodem
1042 4371 1151 4422 militurn
1163 4385 1271 4438 genere,
1289 4387 1344 4422 cnm
1356 4387 1370 4422 e
1383 4374 1514 4424 contrario
1528 4391 1590 4425 oon-

238 4465 290 4510 stet
307 4459 407 4510 tirones
426 4459 451 4507 iu
470 4473 512 4509 aas
524 4465 643 4524 receptos
656 4472 712 4508 esse
725 4457 876 4524 peregrinae
889 4457 1044 4509 condicionis
1057 4457 1170 4508 homiues
1184 4457 1280 4523 pariter
1292 4465 1367 4524 atque
1379 4458 1405 4508 in
1420 4459 1534 4527 reliquas
1546 4477 1591 4513 eo-

238 4545 326 4595 bortes
344 4543 496 4595 auxiliariae
515 4547 550 4608 (v.
568 4543 595 4594 C.
608 4543 625 4594 l.
638 4543 668 4594 L.
686 4541 720 4594 lll
737 4559 760 4609 p.
772 4542 841 4608 907).

337 4629 359 4696 ²)
380 4628 407 4680 ld
431 4630 474 4695 qni
496 4627 618 4695 defendit,
635 4637 665 4680 ut
682 4627 745 4682 iacit
762 4628 889 4680 Abrabam
907 4630 925 4680 l.
938 4647 960 4681 o.
974 4647 997 4697 p.
1013 4631 1050 4694 ll,
1071 4629 1189 4680 admittat
1207 4643 1311 4682 necesse
1330 4638 1371 4683 est
1387 4633 1528 4696 Augustum
1547 4635 1592 4686 vel

238 4724 296 4768 ante
316 4717 408 4768 bellum
427 4715 596 4768 Pannonicum
614 4717 670 4782 plus
688 4715 863 4780 duodeviginti
881 4716 995 4780 legiones
1013 4716 1139 4768 babuisse.
