3525 5417
729 324 762 393 V,
781 328 886 381 44-49
1419 331 1480 394 129

141 507 241 588 viginti,
263 527 388 587 quarum
415 516 527 589 partem
551 507 668 589 explent
688 507 801 568 litterae
823 527 838 568 a
862 507 939 568 Luca
967 516 1096 569 servatae
1124 505 1353 584 Qvonlulllv3
1374 509 1482 571 iunctis

141 612 180 672 his
211 611 348 673 omnibus
380 611 466 672 lectio
498 610 631 692 procedit
663 615 736 672 crtro
765 612 838 691 quod
865 611 1009 673 Dacorum
1036 622 1238 692 trompresrus.
1269 648 1310 656 -
1338 613 1404 674 llox
1433 610 1484 674 uhi

140 735 324 796 posueramus
354 735 406 795 ego
426 716 597 796 prostfpotus
618 719 760 796 eretusque
781 725 830 786 est,
853 715 1025 794 proslipatus
1047 735 1195 797 caesusque
1216 717 1366 797 Berglrins,
1394 720 1480 798 susos

139 823 303 900 structusque
321 819 580 893 Domaszeuslxius‚
603 819 676 898 lapis
698 819 756 880 iam
780 818 859 880 dedit
879 820 989 896 [niellus
1007 819 1233 901 prollipotuspue
1255 832 1302 882 est.
1319 858 1361 866 —-
1375 821 1483 883 Versus

140 925 220 984 linem
237 923 401 984 Danuvium
419 922 469 984 ubi
487 924 671 1004 scripseram,
692 922 799 985 latrum
813 921 980 984 emendavit
993 923 1132 1003 Bergkius
1152 924 1389 1006 transposuitque
1407 945 1485 989 meus

139 1031 279 1096 medus,
302 1027 353 1088 sed
377 1037 537 1105 utrumque
558 1026 644 1087 lectio
666 1025 777 1106 expleta
799 1025 956 1104 redarguit.

232 1131 400 1192 Pannonios
422 1130 538 1192 domuit
559 1129 604 1191 Ti.
619 1129 695 1192 Nero
710 1130 746 1190 ab
762 1148 787 1191 a.
804 1129 864 1190 742
888 1130 923 1190 ad
946 1148 971 1190 a.
988 1131 1066 1202 7453
1088 1149 1156 1191 nam
1180 1131 1216 1193 de
1233 1132 1287 1194 hac
1301 1133 1484 1214 expeditione

139 1235 320 1314 cogitandum
341 1253 414 1308 esse,
436 1254 497 1295 non
518 1235 553 1296 de
568 1233 725 1294 rebellione
740 1232 959 1294 Pannoniorum
983 1233 1192 1295 11759-762
1215 1242 1245 1295 et
1266 1254 1302 1297 ex
1323 1236 1387 1298 aliis
1408 1237 1486 1298 indi-

139 1340 186 1401 ciis
206 1349 326 1419 apparet
347 1348 377 1400 et
399 1339 465 1400 inde
488 1337 624 1411 maxime,
647 1337 724 1417 quod
747 1337 802 1398 hoc
825 1345 957 1416 tempore
973 1335 1107 1399 'liberius
1122 1357 1182 1399 uon
1197 1339 1348 1418 privignus
1362 1339 1487 1419 Augusti

138 1443 199 1517 fuit,
221 1445 272 1504 sed
294 1443 380 1523 filius.
417 1443 483 1524 lpse
504 1443 655 1521 Augustus
677 1450 762 1502 antea
787 1441 863 1502 hello
877 1438 1037 1502 llalmatico
1060 1460 1089 1501 u.
1105 1459 1130 1501 c.
1147 1441 1218 1502 719.
1235 1441 1297 1503 720
1319 1442 1486 1505 Pannonios

139 1547 279 1608 devicerat
299 1546 414 1627 primus
437 1546 647 1608 Rornanorum.
692 1544 832 1624 Legatum
862 1562 948 1606 suum
977 1562 1045 1605 cum
1073 1544 1223 1623 Augustus
1251 1545 1376 1626 appellet
1398 1529 1487 1608 Tibe-

138 1653 222 1724 rium,
253 1660 374 1730 apparet
396 1669 464 1711 eum
488 1659 551 1711 tum
574 1648 735 1728 praefuisse
758 1648 884 1728 lllyrico3
915 1666 1042 1728 quocum
1066 1648 1274 1710 conferendum
1297 1650 1376 1728 quod
1398 1652 1488 1710 refert

138 1754 189 1815 nio
204 1756 254 1826 54,
270 1754 311 1815 34
332 1754 478 1834 lllp'icum
501 1773 527 1814 a.
544 1753 605 1814 727
629 1753 742 1816 senatui
759 1753 896 1814 traditum
914 1761 1033 1833 propter
1047 1751 1103 1812 hoc
1118 1751 1215 1831 ipsum
1231 1751 1340 1814 bellum
1355 1753 1487 1832 Augusto

138 1859 314 1938 permissum
342 1878 415 1921 esse.
460 1855 656 1938 Triumphum
679 1856 795 1917 Tiberio
827 1856 864 1916 ob
894 1855 970 1917 hanc
1001 1855 1150 1917 victoriam
1173 1856 1323 1919 decretum
1351 1857 1416 1935 (llio
1438 1858 1488 1931 54,

139 1960 192 2039 31)
220 1979 323 2022 verum
349 1969 394 2022 est
415 1960 471 2021 hoc
493 1970 626 2041 tempore
648 1960 749 2039 legatis
771 1959 891 2021 concedi
913 1977 972 2021 non
996 1959 1102 2034 solere;
1124 1960 1175 2021 sed
1198 1978 1265 2022 cum
1289 1969 1319 2022 et
1339 1960 1395 2022 sub
1417 1959 1489 2022 Gae-

138 2083 201 2124 sare
231 2063 372 2125 dictatore
401 2073 431 2124 et
450 2082 504 2143 per
525 2064 674 2143 proximos
697 2083 790 2125 annos
811 2064 897 2142 legati
920 2063 955 2124 ad
978 2081 1045 2123 eum
1070 2062 1190 2124 admissi
1212 2074 1321 2139 essent,
1341 2064 1439 2146 potuit
1461 2073 1490 2125 et

138 2177 258 2228 senatus
284 2166 418 2247 privigno
446 2164 631 2247 imperatoris
660 2167 851 2247 nihilominus
878 2185 946 2228 eum
977 2166 1120 2227 honorem
1149 2167 1260 2228 deferre
1290 2177 1319 2229 et
1339 2169 1490 2246 Augustus

139 2271 321 2350 triumphum
345 2270 462 2349 quidem
484 2290 633 2346 recusare,
656 2271 819 2332 ovationem
842 2271 1012 2351 permittere
1036 2273 1084 2346 (cf.
1107 2269 1280 2333 Stoonmrtt
1302 2274 1330 2345 1,
1352 2293 1381 2352 p.
1406 2273 1490 2342 127).

138 2373 180 2434 Eo
215 2382 348 2452 tempore
376 2373 504 2452 prolatos
530 2393 596 2435 esse
624 2376 698 2436 fines
727 2374 843 2454 imperii
870 2374 994 2435 Romani
1023 2374 1057 2434 ad
1085 2373 1249 2436 Danuvium
1278 2375 1385 2437 diserte
1412 2376 1490 2456 quod

138 2477 228 2539 sciam
246 2495 334 2537 nemo
349 2486 497 2556 praeterea
512 2477 646 2552 tradidit;
668 2478 760 2539 immo
775 2478 828 2539 llio
843 2478 873 2538 in
890 2478 1021 2539 oratione
1036 2479 1159 2557 quadam
1177 2479 1241 2558 (50,
1257 2479 1310 2556 24)
1325 2479 1489 2559 Augustum

139 2581 270 2660 primum
294 2581 363 2642 dicit
384 2581 420 2642 ad
435 2581 598 2644 [lanuvium
621 2585 778 2643 accessisse
799 2581 983 2662 expeditione
1005 2581 1172 2642 Pannonica
1194 2601 1219 2642 a.
1236 2581 1307 2656 720,
1332 2581 1491 2644 Suetonius

138 2695 239 2746 autem
264 2684 339 2760 (Tib.
358 2685 408 2760 16)
432 2684 467 2745 ad
490 2685 597 2747 bellum
613 2686 815 2748 Pannonicum
837 2705 862 2746 a.
887 2687 948 2747 759
963 2705 1007 2766 sq.
1029 2687 1120 2746 refert
1134 2697 1222 2750 totum
1236 2685 1396 2766 Illyricum,
1418 2687 1492 2768 quod

138 2793 216 2850 irater
239 2788 355 2850 ltaliam
375 2806 548 2870 repetamque
562 2790 697 2852 Nemeum
718 2801 745 2852 et
761 2789 911 2852 Thracium
932 2800 958 2851 et
978 2789 1172 2852 Macedoniam
1186 2793 1313 2871 interque
1328 2789 1493 2852 Duronium

138 2893 251 2971 flumen
278 2903 304 2954 et
331 2895 426 2952 uuum
446 2897 537 2954 moris
558 2893 719 2956 Hadriatici
737 2905 830 2974 potet,
854 2895 1047 2973 perdomitum
1074 2902 1099 2954 et
1125 2897 1156 2954 to
1178 2894 1315 2956 dicionem
1336 2895 1492 2956 redactum.

139 2996 339 3058 Nihilominus
372 3015 438 3058 cum
473 2996 593 3059 alterius
626 2996 693 3060 belli
720 2996 881 3058 Pannonici
908 2998 1058 3076 Augustus
1091 2995 1271 3059 mentionem
1305 3017 1364 3060 non
1398 2998 1494 3072 faciat,

139 3101 299 3163 verisimile
326 3102 399 3163 fines
426 3101 542 3183 imperii
570 3100 633 3162 iure
655 3109 733 3163 certe
756 3110 819 3162 tum
842 3119 902 3162 non
925 3119 989 3161 esse
1014 3099 1151 3180 prolatos.
1189 3101 1324 3163 Ceterum
1347 3102 1493 3183 Illyricum

137 3203 291 3284 quomodo
314 3204 369 3266 sub
390 3205 521 3284 Augusto
551 3205 688 3278 creverit,
717 3213 785 3284 post
811 3203 921 3266 hehum
951 3204 1075 3264 alterum
1104 3204 1229 3266 divisum
1252 3226 1368 3286 quoque
1390 3205 1421 3267 iu
1443 3225 1496 3268 su-

139 3308 244 3388 perins
272 3306 334 3368 sive
360 3305 530 3369 Dalmatiam
565 3318 594 3370 et
626 3308 748 3373 inferius
778 3308 839 3369 sire
868 3306 1064 3377 Pannoniam,
1095 3308 1216 3387 exposui
1248 3309 1278 3370 in
1309 3310 1339 3371 C.
1360 3309 1382 3369 l.
1404 3308 1436 3370 L.
1456 3308 1496 3369 lll

138 3432 168 3491 p.
185 3411 261 3472 279.
284 3411 355 3472 415.

245 3514 395 3579 Deliacis
422 3515 481 3578 sire
509 3515 588 3577 Getis
615 3535 690 3596 quae
719 3516 877 3578 traduntur
902 3515 1027 3596 Augusti
1056 3524 1149 3579 aetate
1177 3534 1238 3576 non
1261 3515 1352 3577 multa
1375 3525 1405 3578 ct
1426 3533 1495 3596 per-

141 3618 271 3693 turbata,
299 3619 466 3699 diligentius
489 3619 709 3681 consideremus
730 3638 850 3682 necesse
871 3628 926 3680 est.
971 3620 1124 3682 Burebista
1139 3619 1217 3698 rex¹)
1240 3619 1361 3700 eiusque
1382 3619 1498 3681 adiutor

138 3724 217 3784 deus
251 3722 418 3785 llecaeneua
451 3723 595 3784 [lucorum
633 3724 781 3786 nationem
815 3725 1015 3785 reformarunt
1047 3733 1077 3786 et
1110 3723 1328 3784 constituerunt
1358 3721 1497 3785 extremis

136 3825 253 3888 liberae
281 3826 323 3888 rei
345 3826 479 3908 publicae
501 3826 699 3907 temporibus;
726 3836 843 3907 tempus
866 3845 933 3888 cum
958 3846 1017 3888 non
1042 3827 1161 3888 definiat
1182 3827 1313 3888 lustinus
1335 3827 1386 3905 qui
1407 3827 1443 3887 de
1465 3845 1498 3888 ea

139 3949 172 3990 re
202 3930 264 4008 egit
293 3939 414 4011 propter
435 3930 643 3992 Bastarnarum
672 3929 886 4011 expeditionem
910 3943 935 3990 a'.
952 3950 979 3992 u.
996 3950 1021 3992 c.
1038 3931 1099 3991 575
1123 3930 1172 4010 (cf.
1189 3929 1288 3991 Livius
1311 3930 1361 4003 40,
1378 3931 1430 4006 57)
1455 3933 1499 3991 ‘fn

137 4033 275 4096 occessu'
298 4035 382 4114 (prol.
407 4034 462 4097 32:
491 4039 665 4115 emptumque
688 4034 903 4096 Pannoniorum
924 4045 950 4095 et
970 4039 1143 4096 tenemento
1165 4033 1311 4094 Dacorum
1329 4051 1383 4114 per
1403 4032 1499 4094 Boro-

138 4137 243 4198 dosteu
263 4171 305 4180 -
326 4139 496 4200 medolostm
517 4139 600 4198 codd.
624 4173 665 4181 -
686 4140 811 4217 repom),
838 4156 899 4197 non
927 4147 1005 4200 recte
1035 4137 1154 4199 deliniat
1174 4145 1276 4198 auctor
1297 4155 1400 4217 parum
1424 4136 1500 4196 lidus

139 4240 286 4301 lordanes
309 4241 384 4314 (Get.
404 4243 452 4316 11,
475 4243 530 4303 67:
553 4251 688 4322 reparcam
713 4239 808 4302 Gothis
829 4239 977 4314 Borrama,
1001 4259 1054 4323 quo
1072 4251 1195 4321 tempore
1208 4239 1406 4302 Romanorum
1419 4237 1502 4319 Syllo

135 4349 252 4424 potum
279 4355 319 4408 est
343 4345 564 4426 prmetpotumh
601 4364 697 4407 veram
732 4353 855 4407 aetatem
890 4343 1000 4408 indicat
1032 4345 1137 4407 Strabo
1169 4343 1224 4418 16,
1246 4343 1279 4416 2,
1302 4342 1342 4405 39
1375 4363 1403 4424 p.
1425 4343 1500 4406 762:

251 4595 271 4658 ¹)
291 4595 327 4646 Dc
345 4602 462 4660 ternpore
480 4609 528 4659 qno
547 4591 615 4643 vixit
632 4591 765 4642 Burebista
782 4607 845 4659 qnae
865 4593 890 4642 in
911 4593 997 4658 priora
1016 4590 1129 4642 editione
1149 4587 1220 4656 posui
1240 4604 1287 4638 non
1308 4594 1386 4652 recte,
1410 4595 1436 4638 et
1454 4603 1500 4650 ego

138 4683 167 4732 ln
187 4681 303 4732 historia
317 4681 429 4732 lfomana
447 4681 605 4731 emendaram
624 4686 650 4729 ct
662 4679 799 4742 diligenter
812 4687 935 4730 executus
948 4687 988 4730 ast
1001 4677 1145 4744 Zippclius:
1163 4673 1204 4726 dio
1214 4675 1340 4726 rdmr'eche
1351 4673 1503 4740 Horrredast
1577 4723 1579 4726 .

137 4771 168 4818 tn
186 4766 296 4833 Illyrico
313 4769 351 4817 dtr
367 4769 417 4833 aus
435 4769 573 4832 Augustam
592 4764 707 4832 (Lipsiae
728 4766 802 4829 1878)
821 4783 844 4832 p.
864 4766 913 4817 217
927 4782 978 4831 seq.

1330 4847 1345 4899 9
