<?xml version="1.0" encoding="UTF-8"?>
<!DOCTYPE html PUBLIC "-//W3C//DTD XHTML 1.0 Transitional//EN"
    "http://www.w3.org/TR/xhtml1/DTD/xhtml1-transitional.dtd">
<html xmlns="http://www.w3.org/1999/xhtml" xml:lang="en" lang="en">
 <head>
  <title>
</title>
<meta http-equiv="Content-Type" content="text/html;charset=utf-8" />
  <meta name='ocr-system' content='tesseract 3.04.00' />
  <meta name='ocr-capabilities' content='ocr_page ocr_carea ocr_par ocr_line ocrx_word'/>
</head>
<body>
  <div class='ocr_page' id='page_1' title='image "./resgestaediviau00mommgoog_0210.png"; bbox 0 0 3525 5417; ppageno 0'>
   <div class='ocr_carea' id='block_1_1' title="bbox 256 310 1063 386">
    <p class='ocr_par' dir='ltr' id='par_1_1' title="bbox 256 310 1063 386">
     <span class='ocr_line' id='line_1_1' title="bbox 256 310 1063 386; baseline 0.005 -14"><span class='ocrx_word' id='word_1_1' title='bbox 256 322 318 384; x_wconf 81' lang='lat'><strong>106</strong></span> <span class='ocrx_word' id='word_1_2' title='bbox 848 319 882 386; x_wconf 90' lang='lat' dir='ltr'><strong>v,</strong></span> <span class='ocrx_word' id='word_1_3' title='bbox 904 322 1007 376; x_wconf 80' lang='lat' dir='ltr'><strong>rs-ea</strong></span> <span class='ocrx_word' id='word_1_4' title='bbox 1056 310 1063 328; x_wconf 85' lang='lat'><strong><em>¹</em></strong></span> 
     </span>
    </p>
   </div>
   <div class='ocr_carea' id='block_1_2' title="bbox 244 498 1608 4515">
    <p class='ocr_par' dir='ltr' id='par_1_2' title="bbox 244 498 1608 4515">
     <span class='ocr_line' id='line_1_2' title="bbox 253 498 1606 582; baseline 0.004 -23"><span class='ocrx_word' id='word_1_5' title='bbox 253 499 333 571; x_wconf 84' lang='lat' dir='ltr'><strong>Quae</strong></span> <span class='ocrx_word' id='word_1_6' title='bbox 354 499 385 560; x_wconf 93' lang='lat' dir='ltr'><strong>in</strong></span> <span class='ocrx_word' id='word_1_7' title='bbox 408 499 534 562; x_wconf 80' lang='lat' dir='ltr'>editione</span> <span class='ocrx_word' id='word_1_8' title='bbox 559 498 657 581; x_wconf 92' lang='lat' dir='ltr'><strong>priore</strong></span> <span class='ocrx_word' id='word_1_9' title='bbox 684 519 893 580; x_wconf 81' lang='lat' dir='ltr'><strong>proposueram</strong></span> <span class='ocrx_word' id='word_1_10' title='bbox 924 502 1041 564; x_wconf 90' lang='lat' dir='ltr'><strong>adiutus</strong></span> <span class='ocrx_word' id='word_1_11' title='bbox 1063 523 1078 562; x_wconf 90' lang='lat' dir='ltr'><strong>a</strong></span> <span class='ocrx_word' id='word_1_12' title='bbox 1102 503 1279 576; x_wconf 82' lang='lat' dir='ltr'><strong>burmanno,</strong></span> <span class='ocrx_word' id='word_1_13' title='bbox 1308 503 1355 564; x_wconf 90' lang='lat' dir='ltr'><strong>cui</strong></span> <span class='ocrx_word' id='word_1_14' title='bbox 1386 503 1512 582; x_wconf 81' lang='lat' dir='ltr'><strong>optimae</strong></span> <span class='ocrx_word' id='word_1_15' title='bbox 1543 513 1606 564; x_wconf 90' lang='lat' dir='ltr'><strong>tum</strong></span> 
     </span>
     <span class='ocr_line' id='line_1_3' title="bbox 253 601 1607 686; baseline 0.004 -24"><span class='ocrx_word' id='word_1_16' title='bbox 253 603 313 683; x_wconf 91' lang='lat' dir='ltr'><strong>spei</strong></span> <span class='ocrx_word' id='word_1_17' title='bbox 340 601 446 677; x_wconf 88' lang='lat' dir='ltr'><strong>iuveni,</strong></span> <span class='ocrx_word' id='word_1_18' title='bbox 474 603 531 664; x_wconf 90' lang='lat' dir='ltr'><strong>iam</strong></span> <span class='ocrx_word' id='word_1_19' title='bbox 561 604 676 684; x_wconf 83' lang='lat' dir='ltr'><strong>egregio</strong></span> <span class='ocrx_word' id='word_1_20' title='bbox 703 624 824 686; x_wconf 90' lang='lat' dir='ltr'><strong>operum</strong></span> <span class='ocrx_word' id='word_1_21' title='bbox 854 615 883 667; x_wconf 89' lang='lat' dir='ltr'><strong>et</strong></span> <span class='ocrx_word' id='word_1_22' title='bbox 911 607 1043 668; x_wconf 86' lang='lat' dir='ltr'><strong>laborum</strong></span> <span class='ocrx_word' id='word_1_23' title='bbox 1074 605 1152 668; x_wconf 91' lang='lat' dir='ltr'><strong>socio</strong></span> <span class='ocrx_word' id='word_1_24' title='bbox 1180 605 1298 668; x_wconf 84' lang='lat' dir='ltr'><strong>Meroen</strong></span> <span class='ocrx_word' id='word_1_25' title='bbox 1329 604 1479 680; x_wconf 84' lang='lat' dir='ltr'><strong>debebam,</strong></span> <span class='ocrx_word' id='word_1_26' title='bbox 1507 609 1607 668; x_wconf 80' lang='lat' dir='ltr'><strong>omnin</strong></span> 
     </span>
     <span class='ocr_line' id='line_1_4' title="bbox 252 706 1607 790; baseline 0.004 -23"><span class='ocrx_word' id='word_1_27' title='bbox 252 710 311 768; x_wconf 92' lang='lat' dir='ltr'><strong>fere</strong></span> <span class='ocrx_word' id='word_1_28' title='bbox 334 715 364 768; x_wconf 89' lang='grc'><strong>31</strong></span> <span class='ocrx_word' id='word_1_29' title='bbox 378 706 484 772; x_wconf 74' lang='lat' dir='ltr'><strong>Latina,</strong></span> <span class='ocrx_word' id='word_1_30' title='bbox 501 708 587 770; x_wconf 88' lang='lat' dir='ltr'><strong>lectio</strong></span> <span class='ocrx_word' id='word_1_31' title='bbox 609 709 723 789; x_wconf 89' lang='lat' dir='ltr'><strong>expleta</strong></span> <span class='ocrx_word' id='word_1_32' title='bbox 744 711 928 771; x_wconf 84' lang='lat' dir='ltr'><strong>confirmavit</strong></span> <span class='ocrx_word' id='word_1_33' title='bbox 949 721 978 772; x_wconf 93' lang='lat' dir='ltr'><strong>et</strong></span> <span class='ocrx_word' id='word_1_34' title='bbox 994 711 1101 772; x_wconf 81' lang='lat' dir='ltr'><strong>Graeca</strong></span> <span class='ocrx_word' id='word_1_35' title='bbox 1117 709 1220 770; x_wconf 87' lang='lat' dir='ltr'><strong>versio.</strong></span> <span class='ocrx_word' id='word_1_36' title='bbox 1253 709 1285 770; x_wconf 89' lang='lat' dir='ltr'><strong>ll.</strong></span> <span class='ocrx_word' id='word_1_37' title='bbox 1302 709 1343 771; x_wconf 96' lang='grc'><strong>20</strong></span> <span class='ocrx_word' id='word_1_38' title='bbox 1359 720 1426 790; x_wconf 91' lang='grc'>3331</span> <span class='ocrx_word' id='word_1_39' title='bbox 1440 711 1607 782; x_wconf 79' lang='lat' dir='ltr'><strong>eudaemon,</strong></span> 
     </span>
     <span class='ocr_line' id='line_1_5' title="bbox 252 810 1608 895; baseline 0.004 -23"><span class='ocrx_word' id='word_1_40' title='bbox 252 810 301 872; x_wconf 94' lang='lat' dir='ltr'><strong>ubi</strong></span> <span class='ocrx_word' id='word_1_41' title='bbox 325 811 382 872; x_wconf 92' lang='lat' dir='ltr'><strong>iam</strong></span> <span class='ocrx_word' id='word_1_42' title='bbox 405 820 523 892; x_wconf 87' lang='lat' dir='ltr'><strong>apparet</strong></span> <span class='ocrx_word' id='word_1_43' title='bbox 544 831 608 873; x_wconf 91' lang='lat' dir='ltr'><strong>esse</strong></span> <span class='ocrx_word' id='word_1_44' title='bbox 631 813 757 874; x_wconf 81' lang='lat' dir='ltr'><strong>fuissene</strong></span> <span class='ocrx_word' id='word_1_45' title='bbox 777 816 975 894; x_wconf 72' lang='lat' dir='ltr'><strong>moeniumque</strong></span> <span class='ocrx_word' id='word_1_46' title='bbox 996 815 1125 886; x_wconf 80' lang='lat' dir='ltr'><strong>bostium,</strong></span> <span class='ocrx_word' id='word_1_47' title='bbox 1147 833 1200 893; x_wconf 84' lang='lat' dir='ltr'><strong>ego</strong></span> <span class='ocrx_word' id='word_1_48' title='bbox 1222 832 1431 894; x_wconf 87' lang='lat' dir='ltr'><strong>proposueram</strong></span> <span class='ocrx_word' id='word_1_49' title='bbox 1446 815 1608 895; x_wconf 65' lang='grc'>313333133-</span> 
     </span>
     <span class='ocr_line' id='line_1_6' title="bbox 252 915 1607 998; baseline 0.003 -23"><span class='ocrx_word' id='word_1_50' title='bbox 252 933 303 995; x_wconf 87' lang='lat' dir='ltr'><strong>que</strong></span> <span class='ocrx_word' id='word_1_51' title='bbox 323 915 468 976; x_wconf 80' lang='lat' dir='ltr'><strong>domiuum</strong></span> <span class='ocrx_word' id='word_1_52' title='bbox 490 933 549 976; x_wconf 94' lang='lat' dir='ltr'><strong>non</strong></span> <span class='ocrx_word' id='word_1_53' title='bbox 573 915 693 977; x_wconf 92' lang='lat' dir='ltr'><strong>omnino</strong></span> <span class='ocrx_word' id='word_1_54' title='bbox 715 923 803 988; x_wconf 89' lang='lat' dir='ltr'><strong>recte,</strong></span> <span class='ocrx_word' id='word_1_55' title='bbox 830 917 879 977; x_wconf 92' lang='lat' dir='ltr'><strong>sed</strong></span> <span class='ocrx_word' id='word_1_56' title='bbox 903 917 1003 978; x_wconf 92' lang='lat' dir='ltr'><strong>minus</strong></span> <span class='ocrx_word' id='word_1_57' title='bbox 1026 917 1099 978; x_wconf 91' lang='lat' dir='ltr'><strong>male</strong></span> <span class='ocrx_word' id='word_1_58' title='bbox 1122 935 1210 997; x_wconf 87' lang='lat' dir='ltr'><strong>quam</strong></span> <span class='ocrx_word' id='word_1_59' title='bbox 1233 917 1313 998; x_wconf 90' lang='lat' dir='ltr'><strong>quod</strong></span> <span class='ocrx_word' id='word_1_60' title='bbox 1340 929 1441 998; x_wconf 87' lang='lat' dir='ltr'><strong>postea</strong></span> <span class='ocrx_word' id='word_1_61' title='bbox 1464 918 1607 997; x_wconf 78' lang='lat' dir='ltr'><strong>llerglrius</strong></span> 
     </span>
     <span class='ocr_line' id='line_1_7' title="bbox 251 1017 1515 1104; baseline 0.005 -28"><span class='ocrx_word' id='word_1_62' title='bbox 251 1017 361 1096; x_wconf 90' lang='lat' dir='ltr'><strong>recepit</strong></span> <span class='ocrx_word' id='word_1_63' title='bbox 379 1019 481 1097; x_wconf 74' lang='grc'>333331</span> <span class='ocrx_word' id='word_1_64' title='bbox 502 1019 538 1081; x_wconf 83' lang='grc'><strong>30</strong></span> <span class='ocrx_word' id='word_1_65' title='bbox 560 1019 681 1099; x_wconf 69' lang='grc'>31333313</span> <span class='ocrx_word' id='word_1_66' title='bbox 701 1022 794 1080; x_wconf 81' lang='lat' dir='ltr'><strong>utam.</strong></span> <span class='ocrx_word' id='word_1_67' title='bbox 817 1054 858 1063; x_wconf 93' lang='lat'><em>-</em></span> <span class='ocrx_word' id='word_1_68' title='bbox 881 1018 997 1081; x_wconf 82' lang='grc'>13121</span> <span class='ocrx_word' id='word_1_69' title='bbox 1023 1020 1171 1104; x_wconf 88' lang='lat' dir='ltr'><strong>complura</strong></span> <span class='ocrx_word' id='word_1_70' title='bbox 1193 1020 1315 1083; x_wconf 87' lang='lat' dir='ltr'><strong>debetur</strong></span> <span class='ocrx_word' id='word_1_71' title='bbox 1338 1021 1515 1083; x_wconf 91' lang='lat' dir='ltr'><strong>Bormanno.</strong></span> 
     </span>
     <span class='ocr_line' id='line_1_8' title="bbox 350 1120 1608 1204; baseline 0.004 -23"><span class='ocrx_word' id='word_1_72' title='bbox 350 1120 486 1182; x_wconf 83' lang='lat' dir='ltr'><strong>llicemus</strong></span> <span class='ocrx_word' id='word_1_73' title='bbox 514 1121 643 1202; x_wconf 89' lang='lat' dir='ltr'><strong>primurn</strong></span> <span class='ocrx_word' id='word_1_74' title='bbox 667 1122 703 1183; x_wconf 90' lang='lat' dir='ltr'><strong>de</strong></span> <span class='ocrx_word' id='word_1_75' title='bbox 725 1121 908 1202; x_wconf 75' lang='lat' dir='ltr'><strong>expeditione</strong></span> <span class='ocrx_word' id='word_1_76' title='bbox 930 1123 1059 1194; x_wconf 86' lang='lat' dir='ltr'><strong>Arabica,</strong></span> <span class='ocrx_word' id='word_1_77' title='bbox 1082 1123 1118 1184; x_wconf 90' lang='lat' dir='ltr'><strong>de</strong></span> <span class='ocrx_word' id='word_1_78' title='bbox 1141 1143 1198 1203; x_wconf 83' lang='lat' dir='ltr'><strong>qua</strong></span> <span class='ocrx_word' id='word_1_79' title='bbox 1223 1123 1362 1187; x_wconf 81' lang='lat' dir='ltr'><strong>disseruit</strong></span> <span class='ocrx_word' id='word_1_80' title='bbox 1381 1125 1471 1186; x_wconf 90' lang='lat' dir='ltr'><strong>llenr.</strong></span> <span class='ocrx_word' id='word_1_81' title='bbox 1493 1124 1608 1204; x_wconf 81' lang='lat' dir='ltr'><strong>llrr&#39;rger</strong></span> 
     </span>
     <span class='ocr_line' id='line_1_9' title="bbox 252 1223 1608 1309; baseline 0.004 -23"><span class='ocrx_word' id='word_1_82' title='bbox 252 1223 465 1305; x_wconf 77' lang='lat' dir='ltr'><strong>(derFeldzuq</strong></span> <span class='ocrx_word' id='word_1_83' title='bbox 487 1226 650 1288; x_wconf 77' lang='lat' dir='ltr'><strong>dudelino</strong></span> <span class='ocrx_word' id='word_1_84' title='bbox 674 1223 782 1289; x_wconf 84' lang='lat' dir='ltr'><strong>Gallus.</strong></span> <span class='ocrx_word' id='word_1_85' title='bbox 817 1225 954 1287; x_wconf 89' lang='lat' dir='ltr'><strong>Wismari</strong></span> <span class='ocrx_word' id='word_1_86' title='bbox 978 1226 1060 1288; x_wconf 84' lang='grc'>1862</span> <span class='ocrx_word' id='word_1_87' title='bbox 1082 1246 1110 1309; x_wconf 91' lang='lat' dir='ltr'><strong>p.</strong></span> <span class='ocrx_word' id='word_1_88' title='bbox 1128 1226 1190 1306; x_wconf 82' lang='grc'>49).</span> <span class='ocrx_word' id='word_1_89' title='bbox 1234 1227 1274 1288; x_wconf 82' lang='lat' dir='ltr'><strong>llo</strong></span> <span class='ocrx_word' id='word_1_90' title='bbox 1296 1247 1356 1306; x_wconf 92' lang='lat' dir='ltr'><strong>quo</strong></span> <span class='ocrx_word' id='word_1_91' title='bbox 1379 1235 1511 1308; x_wconf 90' lang='lat' dir='ltr'><strong>tempore</strong></span> <span class='ocrx_word' id='word_1_92' title='bbox 1533 1232 1608 1292; x_wconf 87' lang='lat' dir='ltr'><strong>facta</strong></span> 
     </span>
     <span class='ocr_line' id='line_1_10' title="bbox 251 1328 1606 1411; baseline 0.004 -23"><span class='ocrx_word' id='word_1_93' title='bbox 251 1329 298 1400; x_wconf 92' lang='lat' dir='ltr'><strong>sit,</strong></span> <span class='ocrx_word' id='word_1_94' title='bbox 322 1328 429 1408; x_wconf 89' lang='lat' dir='ltr'><strong>pendet</strong></span> <span class='ocrx_word' id='word_1_95' title='bbox 451 1328 578 1390; x_wconf 86' lang='lat' dir='ltr'><strong>maxime</strong></span> <span class='ocrx_word' id='word_1_96' title='bbox 599 1348 616 1389; x_wconf 88' lang='lat' dir='ltr'><strong>a</strong></span> <span class='ocrx_word' id='word_1_97' title='bbox 638 1328 712 1390; x_wconf 88' lang='lat' dir='ltr'><strong>serie</strong></span> <span class='ocrx_word' id='word_1_98' title='bbox 734 1332 948 1409; x_wconf 81' lang='lat' dir='ltr'><strong>praefectorum</strong></span> <span class='ocrx_word' id='word_1_99' title='bbox 971 1329 1108 1411; x_wconf 77' lang='lat' dir='ltr'><strong>Aegypti,</strong></span> <span class='ocrx_word' id='word_1_100' title='bbox 1135 1329 1185 1409; x_wconf 92' lang='lat' dir='ltr'><strong>qui</strong></span> <span class='ocrx_word' id='word_1_101' title='bbox 1209 1349 1260 1411; x_wconf 89' lang='lat' dir='ltr'><strong>per</strong></span> <span class='ocrx_word' id='word_1_102' title='bbox 1282 1330 1337 1392; x_wconf 90' lang='lat' dir='ltr'><strong>hos</strong></span> <span class='ocrx_word' id='word_1_103' title='bbox 1359 1351 1452 1393; x_wconf 89' lang='lat' dir='ltr'><strong>annos</strong></span> <span class='ocrx_word' id='word_1_104' title='bbox 1475 1335 1606 1394; x_wconf 91' lang='lat' dir='ltr'><strong>fuerunt.</strong></span> 
     </span>
     <span class='ocr_line' id='line_1_11' title="bbox 250 1431 1606 1516; baseline 0.004 -24"><span class='ocrx_word' id='word_1_105' title='bbox 250 1431 287 1493; x_wconf 84' lang='lat' dir='ltr'><strong>Et</strong></span> <span class='ocrx_word' id='word_1_106' title='bbox 314 1441 429 1494; x_wconf 85' lang='lat' dir='ltr'><strong>constat</strong></span> <span class='ocrx_word' id='word_1_107' title='bbox 455 1432 506 1492; x_wconf 83' lang='lat' dir='ltr'><strong>Cn.</strong></span> <span class='ocrx_word' id='word_1_108' title='bbox 530 1432 705 1494; x_wconf 87' lang='lat' dir='ltr'><strong>Cornelium·</strong></span> <span class='ocrx_word' id='word_1_109' title='bbox 729 1432 842 1494; x_wconf 88' lang='lat' dir='ltr'><strong>Gallum</strong></span> <span class='ocrx_word' id='word_1_110' title='bbox 872 1433 1001 1514; x_wconf 90' lang='lat' dir='ltr'><strong>primum</strong></span> <span class='ocrx_word' id='word_1_111' title='bbox 1029 1435 1209 1514; x_wconf 89' lang='lat' dir='ltr'><strong>praefectum</strong></span> <span class='ocrx_word' id='word_1_112' title='bbox 1238 1433 1348 1495; x_wconf 89' lang='lat' dir='ltr'><strong>rexisse</strong></span> <span class='ocrx_word' id='word_1_113' title='bbox 1376 1435 1540 1516; x_wconf 85' lang='lat' dir='ltr'><strong>Aegyptum</strong></span> <span class='ocrx_word' id='word_1_114' title='bbox 1569 1437 1606 1498; x_wconf 91' lang='lat' dir='ltr'><strong>ab</strong></span> 
     </span>
     <span class='ocr_line' id='line_1_12' title="bbox 250 1534 1606 1620; baseline 0.004 -24"><span class='ocrx_word' id='word_1_115' title='bbox 250 1555 276 1596; x_wconf 91' lang='lat' dir='ltr'><strong>a.</strong></span> <span class='ocrx_word' id='word_1_116' title='bbox 299 1555 327 1596; x_wconf 92' lang='lat' dir='ltr'><strong>u.</strong></span> <span class='ocrx_word' id='word_1_117' title='bbox 347 1555 371 1596; x_wconf 90' lang='lat' dir='ltr'><strong>o.</strong></span> <span class='ocrx_word' id='word_1_118' title='bbox 394 1535 470 1608; x_wconf 89' lang='grc'><strong>724,</strong></span> <span class='ocrx_word' id='word_1_119' title='bbox 503 1534 662 1597; x_wconf 87' lang='lat' dir='ltr'><strong>maiestatis</strong></span> <span class='ocrx_word' id='word_1_120' title='bbox 691 1537 870 1616; x_wconf 85' lang='lat' dir='ltr'><strong>postulatum</strong></span> <span class='ocrx_word' id='word_1_121' title='bbox 899 1555 963 1597; x_wconf 91' lang='lat' dir='ltr'><strong>esse</strong></span> <span class='ocrx_word' id='word_1_122' title='bbox 985 1545 1014 1597; x_wconf 92' lang='lat' dir='ltr'><strong>et</strong></span> <span class='ocrx_word' id='word_1_123' title='bbox 1037 1555 1142 1598; x_wconf 89' lang='lat' dir='ltr'><strong>manus</strong></span> <span class='ocrx_word' id='word_1_124' title='bbox 1165 1535 1222 1598; x_wconf 93' lang='lat' dir='ltr'><strong>sibi</strong></span> <span class='ocrx_word' id='word_1_125' title='bbox 1242 1536 1377 1599; x_wconf 89' lang='lat' dir='ltr'><strong>intulisse</strong></span> <span class='ocrx_word' id='word_1_126' title='bbox 1399 1559 1424 1600; x_wconf 93' lang='lat' dir='ltr'><strong>a.</strong></span> <span class='ocrx_word' id='word_1_127' title='bbox 1440 1537 1517 1610; x_wconf 87' lang='grc'><strong>728;</strong></span> <span class='ocrx_word' id='word_1_128' title='bbox 1546 1559 1606 1620; x_wconf 92' lang='lat' dir='ltr'><strong>quo</strong></span> 
     </span>
     <span class='ocr_line' id='line_1_13' title="bbox 250 1637 1605 1721; baseline 0.003 -21"><span class='ocrx_word' id='word_1_129' title='bbox 250 1657 328 1700; x_wconf 90' lang='lat' dir='ltr'><strong>auno</strong></span> <span class='ocrx_word' id='word_1_130' title='bbox 355 1637 502 1719; x_wconf 83' lang='lat' dir='ltr'><strong>provincia</strong></span> <span class='ocrx_word' id='word_1_131' title='bbox 529 1637 642 1712; x_wconf 90' lang='lat' dir='ltr'><strong>abierit,</strong></span> <span class='ocrx_word' id='word_1_132' title='bbox 671 1657 730 1700; x_wconf 92' lang='grc'><strong>333</strong></span> <span class='ocrx_word' id='word_1_133' title='bbox 762 1639 886 1701; x_wconf 90' lang='lat' dir='ltr'><strong>traditur</strong></span> <span class='ocrx_word' id='word_1_134' title='bbox 913 1657 1008 1720; x_wconf 92' lang='lat' dir='ltr'><strong>neque</strong></span> <span class='ocrx_word' id='word_1_135' title='bbox 1036 1639 1193 1720; x_wconf 89' lang='lat' dir='ltr'><strong>quicquam</strong></span> <span class='ocrx_word' id='word_1_136' title='bbox 1217 1641 1322 1714; x_wconf 88' lang='lat' dir='ltr'><strong>obstat,</strong></span> <span class='ocrx_word' id='word_1_137' title='bbox 1344 1641 1504 1721; x_wconf 91' lang='lat' dir='ltr'><strong>quominus</strong></span> <span class='ocrx_word' id='word_1_138' title='bbox 1526 1663 1605 1704; x_wconf 91' lang='lat' dir='ltr'><strong>anno</strong></span> 
     </span>
     <span class='ocr_line' id='line_1_14' title="bbox 250 1741 1604 1822; baseline 0.003 -18"><span class='ocrx_word' id='word_1_139' title='bbox 250 1751 328 1805; x_wconf 87' lang='lat' dir='ltr'><strong>certe</strong></span> <span class='ocrx_word' id='word_1_140' title='bbox 351 1742 412 1803; x_wconf 93' lang='grc'><strong>727</strong></span> <span class='ocrx_word' id='word_1_141' title='bbox 435 1761 635 1804; x_wconf 73' lang='lat' dir='ltr'><strong>successorem</strong></span> <span class='ocrx_word' id='word_1_142' title='bbox 663 1741 815 1822; x_wconf 90' lang='lat' dir='ltr'><strong>acceperit.</strong></span> <span class='ocrx_word' id='word_1_143' title='bbox 839 1777 880 1786; x_wconf 93' lang='lat'><strong>-—</strong></span> <span class='ocrx_word' id='word_1_144' title='bbox 903 1741 1038 1803; x_wconf 84' lang='lat' dir='ltr'><strong>Cornelio</strong></span> <span class='ocrx_word' id='word_1_145' title='bbox 1060 1743 1159 1805; x_wconf 89' lang='lat' dir='ltr'><strong>statim</strong></span> <span class='ocrx_word' id='word_1_146' title='bbox 1181 1744 1356 1806; x_wconf 74' lang='lat' dir='ltr'><strong>successisse</strong></span> <span class='ocrx_word' id='word_1_147' title='bbox 1378 1745 1408 1808; x_wconf 84' lang='lat' dir='ltr'><strong>C.</strong></span> <span class='ocrx_word' id='word_1_148' title='bbox 1429 1745 1604 1808; x_wconf 85' lang='lat' dir='ltr'><strong>Petronium</strong></span> 
     </span>
     <span class='ocr_line' id='line_1_15' title="bbox 250 1844 1604 1931; baseline 0.004 -25"><span class='ocrx_word' id='word_1_149' title='bbox 250 1865 317 1907; x_wconf 89' lang='lat' dir='ltr'><strong>cum</strong></span> <span class='ocrx_word' id='word_1_150' title='bbox 341 1844 471 1926; x_wconf 87' lang='lat' dir='ltr'><strong>plerique</strong></span> <span class='ocrx_word' id='word_1_151' title='bbox 494 1854 632 1918; x_wconf 86' lang='grc'>31313331,</span> <span class='ocrx_word' id='word_1_152' title='bbox 664 1845 736 1907; x_wconf 92' lang='lat' dir='ltr'><strong>mibi</strong></span> <span class='ocrx_word' id='word_1_153' title='bbox 758 1845 842 1907; x_wconf 91' lang='lat' dir='ltr'><strong>aliter</strong></span> <span class='ocrx_word' id='word_1_154' title='bbox 871 1845 994 1907; x_wconf 81' lang='lat' dir='ltr'><strong>ridetur.</strong></span> <span class='ocrx_word' id='word_1_155' title='bbox 1038 1847 1111 1908; x_wconf 89' lang='lat' dir='ltr'><strong>Nam</strong></span> <span class='ocrx_word' id='word_1_156' title='bbox 1144 1867 1178 1908; x_wconf 90' lang='lat' dir='ltr'><strong>ex</strong></span> <span class='ocrx_word' id='word_1_157' title='bbox 1207 1848 1320 1923; x_wconf 87' lang='lat' dir='ltr'><strong>ordine,</strong></span> <span class='ocrx_word' id='word_1_158' title='bbox 1350 1868 1408 1929; x_wconf 94' lang='lat' dir='ltr'><strong>quo</strong></span> <span class='ocrx_word' id='word_1_159' title='bbox 1436 1859 1494 1912; x_wconf 90' lang='lat' dir='ltr'><strong>tres</strong></span> <span class='ocrx_word' id='word_1_160' title='bbox 1517 1869 1604 1931; x_wconf 91' lang='lat' dir='ltr'><strong>prae-</strong></span> 
     </span>
     <span class='ocr_line' id='line_1_16' title="bbox 250 1947 1605 2033; baseline 0.006 -25"><span class='ocrx_word' id='word_1_161' title='bbox 250 1951 342 2011; x_wconf 90' lang='lat' dir='ltr'><strong>fectos</strong></span> <span class='ocrx_word' id='word_1_162' title='bbox 374 1948 541 2010; x_wconf 83' lang='lat' dir='ltr'><strong>Cornelium</strong></span> <span class='ocrx_word' id='word_1_163' title='bbox 574 1947 747 2010; x_wconf 91' lang='lat' dir='ltr'><strong>Petronium</strong></span> <span class='ocrx_word' id='word_1_164' title='bbox 780 1948 894 2010; x_wconf 87' lang='lat' dir='ltr'><strong>Aelium</strong></span> <span class='ocrx_word' id='word_1_165' title='bbox 929 1949 1063 2012; x_wconf 91' lang='lat' dir='ltr'><strong>nominat</strong></span> <span class='ocrx_word' id='word_1_166' title='bbox 1091 1951 1196 2012; x_wconf 87' lang='lat' dir='ltr'><strong>Strabo</strong></span> <span class='ocrx_word' id='word_1_167' title='bbox 1226 1952 1274 2024; x_wconf 88' lang='grc'><strong>17,</strong></span> <span class='ocrx_word' id='word_1_168' title='bbox 1298 1953 1324 2026; x_wconf 94' lang='grc'><strong>1,</strong></span> <span class='ocrx_word' id='word_1_169' title='bbox 1348 1951 1387 2013; x_wconf 93' lang='grc'><strong>53</strong></span> <span class='ocrx_word' id='word_1_170' title='bbox 1409 1972 1438 2033; x_wconf 92' lang='lat' dir='ltr'><strong>p.</strong></span> <span class='ocrx_word' id='word_1_171' title='bbox 1455 1953 1527 2028; x_wconf 87' lang='grc'>819,</span> <span class='ocrx_word' id='word_1_172' title='bbox 1550 1975 1605 2016; x_wconf 85' lang='grc'><strong>33-</strong></span> 
     </span>
     <span class='ocr_line' id='line_1_17' title="bbox 250 2051 1605 2134; baseline 0.004 -21"><span class='ocrx_word' id='word_1_173' title='bbox 250 2071 395 2132; x_wconf 91' lang='lat' dir='ltr'><strong>quaquam</strong></span> <span class='ocrx_word' id='word_1_174' title='bbox 428 2051 457 2112; x_wconf 90' lang='lat' dir='ltr'><strong>id</strong></span> <span class='ocrx_word' id='word_1_175' title='bbox 490 2051 629 2126; x_wconf 81' lang='lat' dir='ltr'><strong>efficitur3</strong></span> <span class='ocrx_word' id='word_1_176' title='bbox 662 2060 722 2113; x_wconf 91' lang='lat' dir='ltr'><strong>tres</strong></span> <span class='ocrx_word' id='word_1_177' title='bbox 755 2051 833 2113; x_wconf 92' lang='lat' dir='ltr'><strong>enim</strong></span> <span class='ocrx_word' id='word_1_178' title='bbox 862 2052 1060 2134; x_wconf 83' lang='lat' dir='ltr'><strong>expeditiones</strong></span> <span class='ocrx_word' id='word_1_179' title='bbox 1087 2073 1155 2116; x_wconf 91' lang='lat' dir='ltr'><strong>cum</strong></span> <span class='ocrx_word' id='word_1_180' title='bbox 1185 2064 1287 2117; x_wconf 90' lang='lat' dir='ltr'><strong>auctor</strong></span> <span class='ocrx_word' id='word_1_181' title='bbox 1314 2069 1542 2130; x_wconf 91' lang='lat' dir='ltr'><strong>commemoret,</strong></span> <span class='ocrx_word' id='word_1_182' title='bbox 1571 2066 1605 2119; x_wconf 87' lang='lat' dir='ltr'><strong>ut</strong></span> 
     </span>
     <span class='ocr_line' id='line_1_18' title="bbox 249 2155 1602 2238; baseline 0.005 -22"><span class='ocrx_word' id='word_1_183' title='bbox 249 2155 431 2217; x_wconf 89' lang='lat' dir='ltr'><strong>demonstret</strong></span> <span class='ocrx_word' id='word_1_184' title='bbox 459 2166 517 2217; x_wconf 91' lang='lat' dir='ltr'><strong>tarn</strong></span> <span class='ocrx_word' id='word_1_185' title='bbox 546 2155 626 2236; x_wconf 91' lang='lat' dir='ltr'><strong>ipsos</strong></span> <span class='ocrx_word' id='word_1_186' title='bbox 647 2155 803 2237; x_wconf 73' lang='lat' dir='ltr'><strong>Aegyptios</strong></span> <span class='ocrx_word' id='word_1_187' title='bbox 829 2157 961 2219; x_wconf 91' lang='lat' dir='ltr'><strong>imbelles</strong></span> <span class='ocrx_word' id='word_1_188' title='bbox 989 2175 1052 2219; x_wconf 91' lang='lat' dir='ltr'><strong>esse</strong></span> <span class='ocrx_word' id='word_1_189' title='bbox 1086 2178 1175 2238; x_wconf 91' lang='lat' dir='ltr'><strong>quam</strong></span> <span class='ocrx_word' id='word_1_190' title='bbox 1198 2159 1318 2234; x_wconf 88' lang='lat' dir='ltr'><strong>accolas,</strong></span> <span class='ocrx_word' id='word_1_191' title='bbox 1346 2180 1380 2222; x_wconf 90' lang='lat' dir='ltr'><strong>eo</strong></span> <span class='ocrx_word' id='word_1_192' title='bbox 1403 2160 1514 2232; x_wconf 89' lang='lat' dir='ltr'><strong>ordine,</strong></span> <span class='ocrx_word' id='word_1_193' title='bbox 1542 2181 1602 2223; x_wconf 93' lang='lat' dir='ltr'><strong>non</strong></span> 
     </span>
     <span class='ocr_line' id='line_1_19' title="bbox 251 2259 1604 2345; baseline 0.004 -25"><span class='ocrx_word' id='word_1_194' title='bbox 251 2259 406 2339; x_wconf 89' lang='lat' dir='ltr'><strong>temporis,</strong></span> <span class='ocrx_word' id='word_1_195' title='bbox 433 2278 609 2321; x_wconf 88' lang='lat' dir='ltr'><strong>enumerans</strong></span> <span class='ocrx_word' id='word_1_196' title='bbox 635 2260 764 2340; x_wconf 91' lang='lat' dir='ltr'><strong>primum</strong></span> <span class='ocrx_word' id='word_1_197' title='bbox 793 2261 951 2324; x_wconf 91' lang='lat' dir='ltr'><strong>seditiones</strong></span> <span class='ocrx_word' id='word_1_198' title='bbox 980 2263 1062 2342; x_wconf 93' lang='lat' dir='ltr'><strong>ponit</strong></span> <span class='ocrx_word' id='word_1_199' title='bbox 1088 2262 1119 2322; x_wconf 94' lang='lat' dir='ltr'><strong>in</strong></span> <span class='ocrx_word' id='word_1_200' title='bbox 1142 2265 1205 2343; x_wconf 88' lang='lat' dir='ltr'><strong>ipsa</strong></span> <span class='ocrx_word' id='word_1_201' title='bbox 1227 2264 1355 2345; x_wconf 83' lang='lat' dir='ltr'><strong>Aegypto</strong></span> <span class='ocrx_word' id='word_1_202' title='bbox 1377 2283 1394 2324; x_wconf 88' lang='lat' dir='ltr'><strong>a</strong></span> <span class='ocrx_word' id='word_1_203' title='bbox 1417 2264 1552 2326; x_wconf 89' lang='lat' dir='ltr'><strong>Cornelio</strong></span> <span class='ocrx_word' id='word_1_204' title='bbox 1574 2274 1604 2326; x_wconf 88' lang='grc'><strong>31</strong></span> 
     </span>
     <span class='ocr_line' id='line_1_20' title="bbox 248 2361 1603 2446; baseline 0.006 -24"><span class='ocrx_word' id='word_1_205' title='bbox 248 2361 387 2423; x_wconf 91' lang='lat' dir='ltr'><strong>Petronio</strong></span> <span class='ocrx_word' id='word_1_206' title='bbox 408 2363 531 2439; x_wconf 89' lang='lat' dir='ltr'><strong>sedatas,</strong></span> <span class='ocrx_word' id='word_1_207' title='bbox 555 2363 657 2424; x_wconf 88' lang='lat' dir='ltr'><strong>deinde</strong></span> <span class='ocrx_word' id='word_1_208' title='bbox 679 2364 751 2426; x_wconf 91' lang='lat' dir='ltr'><strong>Aelii</strong></span> <span class='ocrx_word' id='word_1_209' title='bbox 775 2364 804 2425; x_wconf 92' lang='lat' dir='ltr'><strong>in</strong></span> <span class='ocrx_word' id='word_1_210' title='bbox 821 2366 954 2426; x_wconf 89' lang='lat' dir='ltr'><strong>Arabiam</strong></span> <span class='ocrx_word' id='word_1_211' title='bbox 979 2366 1202 2446; x_wconf 85' lang='lat' dir='ltr'><strong>expeditionem.</strong></span> <span class='ocrx_word' id='word_1_212' title='bbox 1232 2367 1303 2427; x_wconf 88' lang='lat' dir='ltr'><strong>Vera</strong></span> <span class='ocrx_word' id='word_1_213' title='bbox 1319 2375 1417 2428; x_wconf 89' lang='lat' dir='ltr'><strong>autem</strong></span> <span class='ocrx_word' id='word_1_214' title='bbox 1434 2366 1603 2430; x_wconf 87' lang='lat' dir='ltr'><strong>testimonia</strong></span> 
     </span>
     <span class='ocr_line' id='line_1_21' title="bbox 249 2466 1600 2546; baseline 0.005 -20"><span class='ocrx_word' id='word_1_215' title='bbox 249 2486 283 2526; x_wconf 88' lang='lat' dir='ltr'><strong>eo</strong></span> <span class='ocrx_word' id='word_1_216' title='bbox 299 2466 410 2528; x_wconf 89' lang='lat' dir='ltr'><strong>ducunt</strong></span> <span class='ocrx_word' id='word_1_217' title='bbox 425 2466 557 2546; x_wconf 81' lang='lat' dir='ltr'><strong>Cornelio</strong></span> <span class='ocrx_word' id='word_1_218' title='bbox 573 2467 653 2528; x_wconf 87' lang='lat' dir='ltr'><strong>Gallo</strong></span> <span class='ocrx_word' id='word_1_219' title='bbox 669 2467 845 2530; x_wconf 89' lang='lat' dir='ltr'><strong>successisse</strong></span> <span class='ocrx_word' id='word_1_220' title='bbox 861 2466 892 2528; x_wconf 87' lang='lat' dir='ltr'><strong>C.</strong></span> <span class='ocrx_word' id='word_1_221' title='bbox 908 2468 1020 2530; x_wconf 91' lang='lat' dir='ltr'><strong>Aelium</strong></span> <span class='ocrx_word' id='word_1_222' title='bbox 1035 2468 1148 2529; x_wconf 89' lang='lat' dir='ltr'><strong>Gallum</strong></span> <span class='ocrx_word' id='word_1_223' title='bbox 1159 2469 1192 2544; x_wconf 87' lang='lat'><strong>¹),</strong></span> <span class='ocrx_word' id='word_1_224' title='bbox 1208 2487 1276 2530; x_wconf 91' lang='lat' dir='ltr'><strong>eum</strong></span> <span class='ocrx_word' id='word_1_225' title='bbox 1291 2468 1322 2528; x_wconf 93' lang='lat' dir='ltr'><strong>in</strong></span> <span class='ocrx_word' id='word_1_226' title='bbox 1333 2469 1437 2530; x_wconf 86' lang='lat' dir='ltr'><strong>Arabia</strong></span> <span class='ocrx_word' id='word_1_227' title='bbox 1454 2481 1600 2532; x_wconf 87' lang='lat' dir='ltr'><strong>moratum</strong></span> 
     </span>
     <span class='ocr_line' id='line_1_22' title="bbox 248 2570 1601 2652; baseline 0.003 -22"><span class='ocrx_word' id='word_1_228' title='bbox 248 2589 313 2631; x_wconf 90' lang='lat' dir='ltr'><strong>esse</strong></span> <span class='ocrx_word' id='word_1_229' title='bbox 335 2590 388 2650; x_wconf 92' lang='lat' dir='ltr'><strong>per</strong></span> <span class='ocrx_word' id='word_1_230' title='bbox 409 2573 601 2650; x_wconf 86' lang='lat' dir='ltr'><strong>posteriorem</strong></span> <span class='ocrx_word' id='word_1_231' title='bbox 625 2581 738 2652; x_wconf 91' lang='lat' dir='ltr'><strong>partem</strong></span> <span class='ocrx_word' id='word_1_232' title='bbox 761 2571 829 2632; x_wconf 90' lang='lat' dir='ltr'><strong>anni</strong></span> <span class='ocrx_word' id='word_1_233' title='bbox 851 2571 913 2633; x_wconf 94' lang='grc'><strong>729</strong></span> <span class='ocrx_word' id='word_1_234' title='bbox 930 2573 1115 2652; x_wconf 91' lang='lat' dir='ltr'><strong>prioremque</strong></span> <span class='ocrx_word' id='word_1_235' title='bbox 1139 2591 1164 2632; x_wconf 92' lang='grc'><strong>3.</strong></span> <span class='ocrx_word' id='word_1_236' title='bbox 1181 2570 1252 2644; x_wconf 89' lang='grc'>730,</span> <span class='ocrx_word' id='word_1_237' title='bbox 1276 2580 1383 2633; x_wconf 87' lang='lat' dir='ltr'><strong>aestate</strong></span> <span class='ocrx_word' id='word_1_238' title='bbox 1399 2573 1443 2632; x_wconf 88' lang='lat' dir='ltr'><strong>vel</strong></span> <span class='ocrx_word' id='word_1_239' title='bbox 1459 2583 1601 2634; x_wconf 89' lang='lat' dir='ltr'><strong>autumno</strong></span> 
     </span>
     <span class='ocr_line' id='line_1_23' title="bbox 249 2673 1602 2754; baseline 0.003 -20"><span class='ocrx_word' id='word_1_240' title='bbox 249 2673 313 2734; x_wconf 90' lang='lat' dir='ltr'><strong>eius</strong></span> <span class='ocrx_word' id='word_1_241' title='bbox 334 2673 402 2734; x_wconf 88' lang='lat' dir='ltr'><strong>anni</strong></span> <span class='ocrx_word' id='word_1_242' title='bbox 426 2674 506 2734; x_wconf 87' lang='lat' dir='ltr'><strong>Gallo</strong></span> <span class='ocrx_word' id='word_1_243' title='bbox 528 2674 704 2736; x_wconf 89' lang='lat' dir='ltr'><strong>successisse</strong></span> <span class='ocrx_word' id='word_1_244' title='bbox 727 2674 955 2737; x_wconf 71' lang='lat' dir='ltr'><strong>GPetronium.</strong></span> <span class='ocrx_word' id='word_1_245' title='bbox 1000 2675 1157 2736; x_wconf 85' lang='lat' dir='ltr'><strong>Videamus</strong></span> <span class='ocrx_word' id='word_1_246' title='bbox 1180 2675 1215 2736; x_wconf 91' lang='lat' dir='ltr'><strong>dc</strong></span> <span class='ocrx_word' id='word_1_247' title='bbox 1237 2674 1369 2754; x_wconf 84' lang='lat' dir='ltr'><strong>singulis.</strong></span> <span class='ocrx_word' id='word_1_248' title='bbox 1414 2674 1467 2736; x_wconf 85' lang='lat' dir='ltr'><strong>llio</strong></span> <span class='ocrx_word' id='word_1_249' title='bbox 1490 2677 1539 2750; x_wconf 95' lang='grc'><strong>53,</strong></span> <span class='ocrx_word' id='word_1_250' title='bbox 1561 2677 1602 2738; x_wconf 90' lang='grc'><strong>29</strong></span> 
     </span>
     <span class='ocr_line' id='line_1_24' title="bbox 249 2777 1601 2858; baseline 0.003 -20"><span class='ocrx_word' id='word_1_251' title='bbox 249 2777 462 2856; x_wconf 90' lang='lat' dir='ltr'><strong>expeditionem</strong></span> <span class='ocrx_word' id='word_1_252' title='bbox 485 2777 635 2839; x_wconf 79' lang='lat' dir='ltr'><strong>Arabicam</strong></span> <span class='ocrx_word' id='word_1_253' title='bbox 665 2782 754 2839; x_wconf 86' lang='lat' dir='ltr'><strong>refert</strong></span> <span class='ocrx_word' id='word_1_254' title='bbox 776 2780 812 2841; x_wconf 92' lang='lat' dir='ltr'><strong>ad</strong></span> <span class='ocrx_word' id='word_1_255' title='bbox 834 2778 948 2849; x_wconf 84' lang='grc'>3730,</span> <span class='ocrx_word' id='word_1_256' title='bbox 980 2798 1038 2858; x_wconf 92' lang='lat' dir='ltr'><strong>quo</strong></span> <span class='ocrx_word' id='word_1_257' title='bbox 1067 2779 1156 2839; x_wconf 86' lang='lat' dir='ltr'><strong>finem</strong></span> <span class='ocrx_word' id='word_1_258' title='bbox 1186 2777 1295 2840; x_wconf 88' lang='lat' dir='ltr'><strong>habuit.</strong></span> <span class='ocrx_word' id='word_1_259' title='bbox 1339 2777 1459 2840; x_wconf 83' lang='lat' dir='ltr'><strong>Duravit</strong></span> <span class='ocrx_word' id='word_1_260' title='bbox 1489 2799 1601 2842; x_wconf 82' lang='grc'>333333</span> 
     </span>
     <span class='ocr_line' id='line_1_25' title="bbox 247 2874 1603 2966; baseline 0.004 -26"><span class='ocrx_word' id='word_1_261' title='bbox 247 2883 308 2941; x_wconf 83' lang='grc'>1333</span> <span class='ocrx_word' id='word_1_262' title='bbox 330 2879 374 2941; x_wconf 84' lang='lat' dir='ltr'><strong>vel</strong></span> <span class='ocrx_word' id='word_1_263' title='bbox 394 2881 492 2960; x_wconf 89' lang='lat' dir='ltr'><strong>paullo</strong></span> <span class='ocrx_word' id='word_1_264' title='bbox 513 2881 589 2961; x_wconf 91' lang='lat' dir='ltr'><strong>plus,</strong></span> <span class='ocrx_word' id='word_1_265' title='bbox 612 2891 647 2943; x_wconf 93' lang='lat' dir='ltr'><strong>ut</strong></span> <span class='ocrx_word' id='word_1_266' title='bbox 667 2894 784 2944; x_wconf 90' lang='lat' dir='ltr'><strong>enarrat</strong></span> <span class='ocrx_word' id='word_1_267' title='bbox 807 2883 927 2957; x_wconf 87' lang='lat' dir='ltr'><strong>Strabo,</strong></span> <span class='ocrx_word' id='word_1_268' title='bbox 955 2884 1110 2944; x_wconf 86' lang='lat' dir='ltr'><strong>confirmat</strong></span> <span class='ocrx_word' id='word_1_269' title='bbox 1131 2882 1185 2943; x_wconf 81' lang='lat' dir='ltr'><strong>llio</strong></span> <span class='ocrx_word' id='word_1_270' title='bbox 1207 2883 1225 2943; x_wconf 95' lang='lat' dir='ltr'><strong>l.</strong></span> <span class='ocrx_word' id='word_1_271' title='bbox 1242 2900 1283 2944; x_wconf 86' lang='lat' dir='ltr'><strong>c:</strong></span> <span class='ocrx_word' id='word_1_272' title='bbox 1313 2875 1349 2945; x_wconf 75' lang='grc' dir='ltr'><strong>ἐν</strong></span> <span class='ocrx_word' id='word_1_273' title='bbox 1380 2874 1406 2966; x_wconf 81' lang='grc' dir='ltr'><em>ᾦ</em></span> <span class='ocrx_word' id='word_1_274' title='bbox 1433 2880 1470 2944; x_wconf 81' lang='grc' dir='ltr'><strong>δὲ</strong></span> <span class='ocrx_word' id='word_1_275' title='bbox 1498 2883 1603 2946; x_wconf 76' lang='grc' dir='ltr'><strong><em>ταῦτα</em></strong></span> 
     </span>
     <span class='ocr_line' id='line_1_26' title="bbox 246 2977 1600 3068; baseline 0.004 -25"><span class='ocrx_word' id='word_1_276' title='bbox 246 2981 408 3061; x_wconf 74' lang='grc' dir='ltr'><strong>ἐγίγνετο,</strong></span> <span class='ocrx_word' id='word_1_277' title='bbox 438 2983 492 3044; x_wconf 78' lang='grc' dir='ltr'><strong>καὶ</strong></span> <span class='ocrx_word' id='word_1_278' title='bbox 522 2980 603 3066; x_wconf 79' lang='grc' dir='ltr'><em>ἄλλη</em></span> <span class='ocrx_word' id='word_1_279' title='bbox 630 3007 680 3057; x_wconf 79' lang='grc' dir='ltr'><strong>τις</strong></span> <span class='ocrx_word' id='word_1_280' title='bbox 708 2988 862 3068; x_wconf 76' lang='grc' dir='ltr'><strong><em>στρατεία</em></strong></span> <span class='ocrx_word' id='word_1_281' title='bbox 888 2985 983 3068; x_wconf 78' lang='grc' dir='ltr'><strong><em>καινὴ</em></strong></span> <span class='ocrx_word' id='word_1_282' title='bbox 1014 2979 1116 3068; x_wconf 78' lang='grc' dir='ltr'><strong><em>ἀρχήν</em></strong></span> <span class='ocrx_word' id='word_1_283' title='bbox 1146 3007 1180 3047; x_wconf 84' lang='grc' dir='ltr'><strong>τε</strong></span> <span class='ocrx_word' id='word_1_284' title='bbox 1202 2977 1273 3066; x_wconf 76' lang='grc' dir='ltr'><strong>ἅμα</strong></span> <span class='ocrx_word' id='word_1_285' title='bbox 1301 2983 1358 3047; x_wconf 81' lang='grc' dir='ltr'><strong>καὶ</strong></span> <span class='ocrx_word' id='word_1_286' title='bbox 1383 2983 1474 3059; x_wconf 79' lang='grc' dir='ltr'><em>τέλος</em></span> <span class='ocrx_word' id='word_1_287' title='bbox 1498 2984 1600 3066; x_wconf 81' lang='grc' dir='ltr'><strong><em>ἔσχεν.</em></strong></span> 
     </span>
     <span class='ocr_line' id='line_1_27' title="bbox 247 3086 1601 3171; baseline 0.003 -25"><span class='ocrx_word' id='word_1_288' title='bbox 247 3087 321 3166; x_wconf 92' lang='lat' dir='ltr'><strong>Apte</strong></span> <span class='ocrx_word' id='word_1_289' title='bbox 351 3087 436 3148; x_wconf 89' lang='lat' dir='ltr'><strong>etiam</strong></span> <span class='ocrx_word' id='word_1_290' title='bbox 461 3086 598 3150; x_wconf 88' lang='lat' dir='ltr'><strong>lloratius</strong></span> <span class='ocrx_word' id='word_1_291' title='bbox 625 3088 655 3149; x_wconf 90' lang='lat' dir='ltr'><strong>in</strong></span> <span class='ocrx_word' id='word_1_292' title='bbox 681 3088 756 3151; x_wconf 96' lang='lat' dir='ltr'><strong>libro</strong></span> <span class='ocrx_word' id='word_1_293' title='bbox 785 3088 881 3171; x_wconf 90' lang='lat' dir='ltr'><strong>primo</strong></span> <span class='ocrx_word' id='word_1_294' title='bbox 908 3089 1072 3166; x_wconf 85' lang='lat' dir='ltr'><strong>carminum</strong></span> <span class='ocrx_word' id='word_1_295' title='bbox 1100 3089 1177 3151; x_wconf 91' lang='lat' dir='ltr'><strong>edito</strong></span> <span class='ocrx_word' id='word_1_296' title='bbox 1200 3109 1225 3150; x_wconf 90' lang='lat' dir='ltr'><strong>a.</strong></span> <span class='ocrx_word' id='word_1_297' title='bbox 1243 3088 1303 3150; x_wconf 83' lang='lat'><strong>730</strong></span> <span class='ocrx_word' id='word_1_298' title='bbox 1327 3089 1441 3151; x_wconf 92' lang='lat' dir='ltr'><strong>duobus</strong></span> <span class='ocrx_word' id='word_1_299' title='bbox 1463 3090 1535 3152; x_wconf 88' lang='lat' dir='ltr'><strong>locis</strong></span> <span class='ocrx_word' id='word_1_300' title='bbox 1557 3090 1601 3169; x_wconf 91' lang='grc'><strong>(1,</strong></span> 
     </span>
     <span class='ocr_line' id='line_1_28' title="bbox 247 3189 1603 3272; baseline 0.005 -23"><span class='ocrx_word' id='word_1_301' title='bbox 247 3189 298 3251; x_wconf 91' lang='grc'><strong>29.</strong></span> <span class='ocrx_word' id='word_1_302' title='bbox 322 3189 375 3262; x_wconf 85' lang='grc'><strong>35)</strong></span> <span class='ocrx_word' id='word_1_303' title='bbox 404 3191 540 3252; x_wconf 90' lang='lat' dir='ltr'><strong>meminit</strong></span> <span class='ocrx_word' id='word_1_304' title='bbox 567 3192 759 3272; x_wconf 88' lang='lat' dir='ltr'><strong>expeditionis</strong></span> <span class='ocrx_word' id='word_1_305' title='bbox 780 3193 919 3254; x_wconf 82' lang='lat' dir='ltr'><strong>Arabicae</strong></span> <span class='ocrx_word' id='word_1_306' title='bbox 946 3212 1006 3254; x_wconf 93' lang='lat' dir='ltr'><strong>non</strong></span> <span class='ocrx_word' id='word_1_307' title='bbox 1028 3196 1134 3263; x_wconf 83' lang='lat' dir='ltr'><strong>factae,</strong></span> <span class='ocrx_word' id='word_1_308' title='bbox 1162 3191 1211 3253; x_wconf 91' lang='lat' dir='ltr'><strong>sed</strong></span> <span class='ocrx_word' id='word_1_309' title='bbox 1235 3195 1351 3254; x_wconf 86' lang='lat' dir='ltr'><strong>futurae</strong></span> <span class='ocrx_word' id='word_1_310' title='bbox 1373 3211 1497 3272; x_wconf 88' lang='lat' dir='ltr'><strong>eamque</strong></span> <span class='ocrx_word' id='word_1_311' title='bbox 1518 3213 1603 3256; x_wconf 90' lang='lat' dir='ltr'><strong>oom-</strong></span> 
     </span>
     <span class='ocr_line' id='line_1_29' title="bbox 246 3294 1601 3374; baseline 0.005 -21"><span class='ocrx_word' id='word_1_312' title='bbox 246 3294 330 3373; x_wconf 90' lang='lat' dir='ltr'><strong>ponit</strong></span> <span class='ocrx_word' id='word_1_313' title='bbox 351 3313 418 3355; x_wconf 90' lang='lat' dir='ltr'><strong>cum</strong></span> <span class='ocrx_word' id='word_1_314' title='bbox 442 3294 625 3374; x_wconf 87' lang='lat' dir='ltr'><strong>expeditione</strong></span> <span class='ocrx_word' id='word_1_315' title='bbox 647 3296 719 3356; x_wconf 90' lang='lat' dir='ltr'><strong>item</strong></span> <span class='ocrx_word' id='word_1_316' title='bbox 742 3299 840 3358; x_wconf 91' lang='lat' dir='ltr'><strong>futura</strong></span> <span class='ocrx_word' id='word_1_317' title='bbox 864 3295 1039 3370; x_wconf 85' lang='lat' dir='ltr'><strong>Britannica,</strong></span> <span class='ocrx_word' id='word_1_318' title='bbox 1063 3296 1146 3357; x_wconf 90' lang='lat' dir='ltr'><strong>ouius</strong></span> <span class='ocrx_word' id='word_1_319' title='bbox 1171 3298 1351 3359; x_wconf 89' lang='lat' dir='ltr'><strong>mentionem</strong></span> <span class='ocrx_word' id='word_1_320' title='bbox 1374 3296 1458 3358; x_wconf 90' lang='lat' dir='ltr'><strong>inicit</strong></span> <span class='ocrx_word' id='word_1_321' title='bbox 1479 3297 1533 3360; x_wconf 86' lang='lat' dir='ltr'><strong>Dio</strong></span> <span class='ocrx_word' id='word_1_322' title='bbox 1550 3298 1601 3372; x_wconf 83' lang='lat'><strong>53,</strong></span> 
     </span>
     <span class='ocr_line' id='line_1_30' title="bbox 247 3395 1603 3484; baseline 0.006 -28"><span class='ocrx_word' id='word_1_323' title='bbox 247 3395 288 3455; x_wconf 92' lang='grc'><strong>22</strong></span> <span class='ocrx_word' id='word_1_324' title='bbox 310 3398 346 3458; x_wconf 92' lang='lat' dir='ltr'><strong>ad</strong></span> <span class='ocrx_word' id='word_1_325' title='bbox 368 3417 393 3458; x_wconf 93' lang='grc'><strong>3.</strong></span> <span class='ocrx_word' id='word_1_326' title='bbox 410 3397 514 3484; x_wconf 71' lang='grc'>72738.</span> <span class='ocrx_word' id='word_1_327' title='bbox 552 3399 694 3480; x_wconf 82' lang='grc'>13333333</span> <span class='ocrx_word' id='word_1_328' title='bbox 717 3399 842 3479; x_wconf 93' lang='lat' dir='ltr'><strong>denique</strong></span> <span class='ocrx_word' id='word_1_329' title='bbox 865 3401 1017 3481; x_wconf 85' lang='grc'>(331130.</span> <span class='ocrx_word' id='word_1_330' title='bbox 1037 3401 1084 3473; x_wconf 84' lang='lat'><strong>15,</strong></span> <span class='ocrx_word' id='word_1_331' title='bbox 1102 3399 1130 3472; x_wconf 93' lang='grc'><strong>9,</strong></span> <span class='ocrx_word' id='word_1_332' title='bbox 1148 3401 1175 3458; x_wconf 90' lang='grc'><strong>1.</strong></span> <span class='ocrx_word' id='word_1_333' title='bbox 1192 3398 1221 3459; x_wconf 91' lang='grc'><strong>2.</strong></span> <span class='ocrx_word' id='word_1_334' title='bbox 1238 3398 1269 3476; x_wconf 86' lang='grc'><strong>3)</strong></span> <span class='ocrx_word' id='word_1_335' title='bbox 1293 3398 1335 3461; x_wconf 83' lang='grc'><strong>313</strong></span> <span class='ocrx_word' id='word_1_336' title='bbox 1351 3400 1459 3474; x_wconf 88' lang='lat' dir='ltr'><strong>scribit,</strong></span> <span class='ocrx_word' id='word_1_337' title='bbox 1476 3401 1603 3464; x_wconf 85' lang='lat' dir='ltr'><strong>Herodis</strong></span> 
     </span>
     <span class='ocr_line' id='line_1_31' title="bbox 246 3500 1602 3584; baseline 0.006 -25"><span class='ocrx_word' id='word_1_338' title='bbox 246 3519 324 3560; x_wconf 91' lang='grc'>3333</span> <span class='ocrx_word' id='word_1_339' title='bbox 352 3501 433 3580; x_wconf 81' lang='lat' dir='ltr'><strong>regni</strong></span> <span class='ocrx_word' id='word_1_340' title='bbox 461 3500 547 3562; x_wconf 90' lang='lat' dir='ltr'><strong>tertio</strong></span> <span class='ocrx_word' id='word_1_341' title='bbox 577 3501 690 3562; x_wconf 90' lang='lat' dir='ltr'><strong>decimo</strong></span> <span class='ocrx_word' id='word_1_342' title='bbox 714 3504 745 3579; x_wconf 88' lang='grc'><strong>(4</strong></span> <span class='ocrx_word' id='word_1_343' title='bbox 761 3505 830 3584; x_wconf 85' lang='lat' dir='ltr'><strong>Apr.</strong></span> <span class='ocrx_word' id='word_1_344' title='bbox 847 3503 908 3564; x_wconf 88' lang='grc'><strong>729</strong></span> <span class='ocrx_word' id='word_1_345' title='bbox 926 3539 966 3547; x_wconf 94' lang='grc'>-</span> <span class='ocrx_word' id='word_1_346' title='bbox 981 3502 1000 3565; x_wconf 93' lang='grc'><strong>3</strong></span> <span class='ocrx_word' id='word_1_347' title='bbox 1017 3505 1086 3584; x_wconf 90' lang='lat' dir='ltr'><strong>Apr.</strong></span> <span class='ocrx_word' id='word_1_348' title='bbox 1103 3502 1176 3577; x_wconf 90' lang='grc'>730)</span> <span class='ocrx_word' id='word_1_349' title='bbox 1199 3506 1306 3564; x_wconf 90' lang='lat' dir='ltr'><strong>famem</strong></span> <span class='ocrx_word' id='word_1_350' title='bbox 1331 3503 1420 3566; x_wconf 90' lang='lat' dir='ltr'><strong>fuisse</strong></span> <span class='ocrx_word' id='word_1_351' title='bbox 1441 3505 1473 3565; x_wconf 92' lang='lat' dir='ltr'><strong>in</strong></span> <span class='ocrx_word' id='word_1_352' title='bbox 1496 3505 1602 3567; x_wconf 87' lang='lat' dir='ltr'><strong>lndaea</strong></span> 
     </span>
     <span class='ocr_line' id='line_1_32' title="bbox 246 3604 1601 3688; baseline 0.004 -24"><span class='ocrx_word' id='word_1_353' title='bbox 246 3622 369 3683; x_wconf 89' lang='lat' dir='ltr'><strong>eamque</strong></span> <span class='ocrx_word' id='word_1_354' title='bbox 391 3604 590 3666; x_wconf 90' lang='lat' dir='ltr'><strong>continuatam</strong></span> <span class='ocrx_word' id='word_1_355' title='bbox 618 3624 683 3666; x_wconf 91' lang='lat' dir='ltr'><strong>esse</strong></span> <span class='ocrx_word' id='word_1_356' title='bbox 705 3626 783 3667; x_wconf 90' lang='lat' dir='ltr'><strong>auno</strong></span> <span class='ocrx_word' id='word_1_357' title='bbox 800 3607 966 3687; x_wconf 86' lang='lat' dir='ltr'><strong>insequenti</strong></span> <span class='ocrx_word' id='word_1_358' title='bbox 989 3608 1021 3685; x_wconf 87' lang='grc'><strong>(4</strong></span> <span class='ocrx_word' id='word_1_359' title='bbox 1037 3607 1105 3686; x_wconf 89' lang='lat' dir='ltr'><strong>Apr.</strong></span> <span class='ocrx_word' id='word_1_360' title='bbox 1119 3606 1179 3668; x_wconf 87' lang='grc'><strong>730</strong></span> <span class='ocrx_word' id='word_1_361' title='bbox 1203 3641 1243 3650; x_wconf 92' lang='grc'>-</span> <span class='ocrx_word' id='word_1_362' title='bbox 1266 3606 1370 3686; x_wconf 85' lang='lat' dir='ltr'><strong>3Apr.</strong></span> <span class='ocrx_word' id='word_1_363' title='bbox 1383 3606 1475 3682; x_wconf 88' lang='grc'>731),</span> <span class='ocrx_word' id='word_1_364' title='bbox 1501 3626 1601 3688; x_wconf 83' lang='lat' dir='ltr'><strong>regem</strong></span> 
     </span>
     <span class='ocr_line' id='line_1_33' title="bbox 245 3707 1599 3791; baseline 0.004 -23"><span class='ocrx_word' id='word_1_365' title='bbox 245 3717 344 3768; x_wconf 85' lang='lat' dir='ltr'><strong>autem</strong></span> <span class='ocrx_word' id='word_1_366' title='bbox 372 3707 398 3767; x_wconf 93' lang='lat' dir='ltr'><strong>ei</strong></span> <span class='ocrx_word' id='word_1_367' title='bbox 426 3707 596 3769; x_wconf 86' lang='lat' dir='ltr'><strong>subvenisse</strong></span> <span class='ocrx_word' id='word_1_368' title='bbox 622 3712 772 3771; x_wconf 90' lang='lat' dir='ltr'><strong>frumento</strong></span> <span class='ocrx_word' id='word_1_369' title='bbox 801 3719 900 3791; x_wconf 90' lang='lat' dir='ltr'><strong>empto</strong></span> <span class='ocrx_word' id='word_1_370' title='bbox 929 3710 965 3770; x_wconf 89' lang='lat' dir='ltr'><strong>ab</strong></span> <span class='ocrx_word' id='word_1_371' title='bbox 994 3709 1087 3771; x_wconf 88' lang='lat' dir='ltr'><strong>amico</strong></span> <span class='ocrx_word' id='word_1_372' title='bbox 1116 3730 1169 3771; x_wconf 87' lang='lat' dir='ltr'><strong>suo</strong></span> <span class='ocrx_word' id='word_1_373' title='bbox 1197 3710 1227 3771; x_wconf 88' lang='lat' dir='ltr'><strong>C.</strong></span> <span class='ocrx_word' id='word_1_374' title='bbox 1248 3710 1386 3772; x_wconf 89' lang='lat' dir='ltr'><strong>Petronio</strong></span> <span class='ocrx_word' id='word_1_375' title='bbox 1414 3729 1509 3790; x_wconf 89' lang='lat' dir='ltr'><strong>nuper</strong></span> <span class='ocrx_word' id='word_1_376' title='bbox 1536 3719 1599 3773; x_wconf 89' lang='lat' dir='ltr'><strong>tum</strong></span> 
     </span>
     <span class='ocr_line' id='line_1_34' title="bbox 245 3808 1602 3898; baseline 0.007 -29"><span class='ocrx_word' id='word_1_377' title='bbox 245 3812 321 3871; x_wconf 88' lang='lat' dir='ltr'><strong>facto</strong></span> <span class='ocrx_word' id='word_1_378' title='bbox 343 3813 489 3891; x_wconf 90' lang='lat' dir='ltr'><strong>praefecto</strong></span> <span class='ocrx_word' id='word_1_379' title='bbox 513 3812 634 3892; x_wconf 77' lang='lat' dir='ltr'><strong>Aegypti</strong></span> <span class='ocrx_word' id='word_1_380' title='bbox 656 3810 798 3890; x_wconf 79' lang='grc' dir='ltr'>(ἔπεμπε</span> <span class='ocrx_word' id='word_1_381' title='bbox 820 3810 851 3874; x_wconf 84' lang='lat' dir='ltr'><strong>d’</strong></span> <span class='ocrx_word' id='word_1_382' title='bbox 873 3810 926 3873; x_wconf 77' lang='grc' dir='ltr'><strong>ἐπ’</strong></span> <span class='ocrx_word' id='word_1_383' title='bbox 954 3808 1130 3890; x_wconf 76' lang='grc' dir='ltr'><strong>Αἰγύπτου</strong></span> <span class='ocrx_word' id='word_1_384' title='bbox 1152 3809 1193 3874; x_wconf 82' lang='grc' dir='ltr'><strong>τὰ</strong></span> <span class='ocrx_word' id='word_1_385' title='bbox 1215 3809 1381 3896; x_wconf 80' lang='grc' dir='ltr'><strong>χρήματα,</strong></span> <span class='ocrx_word' id='word_1_386' title='bbox 1411 3816 1602 3898; x_wconf 71' lang='grc' dir='ltr'><strong><em>Πετρωνίου</em></strong></span> 
     </span>
     <span class='ocr_line' id='line_1_35' title="bbox 245 3905 1596 4000; baseline 0.004 -27"><span class='ocrx_word' id='word_1_387' title='bbox 245 3911 303 3992; x_wconf 73' lang='grc' dir='ltr'><strong>τὴν</strong></span> <span class='ocrx_word' id='word_1_388' title='bbox 335 3905 500 3995; x_wconf 77' lang='grc' dir='ltr'><strong><em>ἐπαρχίαν</em></strong></span> <span class='ocrx_word' id='word_1_389' title='bbox 529 3909 597 3976; x_wconf 79' lang='grc' dir='ltr'><strong>ἀπὸ</strong></span> <span class='ocrx_word' id='word_1_390' title='bbox 631 3917 797 3998; x_wconf 79' lang='grc' dir='ltr'><strong><em>Καίσαρος</em></strong></span> <span class='ocrx_word' id='word_1_391' title='bbox 824 3913 1026 3999; x_wconf 79' lang='grc' dir='ltr'>εἰληφόι·3ς);</span> <span class='ocrx_word' id='word_1_392' title='bbox 1058 3917 1133 3977; x_wconf 89' lang='lat' dir='ltr'><strong>circa</strong></span> <span class='ocrx_word' id='word_1_393' title='bbox 1162 3935 1194 3978; x_wconf 90' lang='grc'><strong>33</strong></span> <span class='ocrx_word' id='word_1_394' title='bbox 1222 3927 1320 3978; x_wconf 86' lang='lat' dir='ltr'><strong>autem</strong></span> <span class='ocrx_word' id='word_1_395' title='bbox 1350 3927 1482 3998; x_wconf 89' lang='lat' dir='ltr'><strong>tempora</strong></span> <span class='ocrx_word' id='word_1_396' title='bbox 1509 3918 1596 4000; x_wconf 77' lang='grc' dir='ltr'><strong><em>(περὶ</em></strong></span> 
     </span>
     <span class='ocr_line' id='line_1_36' title="bbox 244 4007 1599 4104; baseline 0.004 -28"><span class='ocrx_word' id='word_1_397' title='bbox 244 4013 303 4077; x_wconf 80' lang='grc' dir='ltr'><strong>τὸν</strong></span> <span class='ocrx_word' id='word_1_398' title='bbox 323 4011 443 4096; x_wconf 80' lang='grc' dir='ltr'><strong><em>χρόνον</em></strong></span> <span class='ocrx_word' id='word_1_399' title='bbox 465 4015 603 4097; x_wconf 77' lang='grc' dir='ltr'>ἐκεῖνον)</span> <span class='ocrx_word' id='word_1_400' title='bbox 626 4019 731 4080; x_wconf 85' lang='lat' dir='ltr'><strong>auxilia</strong></span> <span class='ocrx_word' id='word_1_401' title='bbox 753 4018 789 4080; x_wconf 91' lang='lat' dir='ltr'><strong>ab</strong></span> <span class='ocrx_word' id='word_1_402' title='bbox 812 4019 925 4081; x_wconf 91' lang='lat' dir='ltr'><strong>llerode</strong></span> <span class='ocrx_word' id='word_1_403' title='bbox 949 4019 1037 4081; x_wconf 85' lang='lat' dir='ltr'><strong>missa</strong></span> <span class='ocrx_word' id='word_1_404' title='bbox 1061 4038 1125 4080; x_wconf 90' lang='lat' dir='ltr'><strong>esse</strong></span> <span class='ocrx_word' id='word_1_405' title='bbox 1147 4007 1316 4082; x_wconf 50' lang='lat' dir='ltr'><strong>ed&#39;Aelium</strong></span> <span class='ocrx_word' id='word_1_406' title='bbox 1340 4021 1454 4082; x_wconf 87' lang='lat' dir='ltr'><strong>Gallum</strong></span> <span class='ocrx_word' id='word_1_407' title='bbox 1478 4033 1599 4104; x_wconf 90' lang='lat' dir='ltr'><strong>propter</strong></span> 
     </span>
     <span class='ocr_line' id='line_1_37' title="bbox 245 4119 1598 4205; baseline 0.004 -26"><span class='ocrx_word' id='word_1_408' title='bbox 245 4119 459 4198; x_wconf 88' lang='lat' dir='ltr'><strong>expeditionem</strong></span> <span class='ocrx_word' id='word_1_409' title='bbox 482 4119 643 4182; x_wconf 90' lang='lat' dir='ltr'><strong>Arabicam.</strong></span> <span class='ocrx_word' id='word_1_410' title='bbox 687 4121 821 4183; x_wconf 88' lang='lat' dir='ltr'><strong>Narratio</strong></span> <span class='ocrx_word' id='word_1_411' title='bbox 843 4123 915 4184; x_wconf 88' lang='lat' dir='ltr'><strong>haec</strong></span> <span class='ocrx_word' id='word_1_412' title='bbox 937 4122 1072 4204; x_wconf 88' lang='lat' dir='ltr'><strong>bipertita</strong></span> <span class='ocrx_word' id='word_1_413' title='bbox 1093 4142 1160 4184; x_wconf 88' lang='lat' dir='ltr'><strong>cum</strong></span> <span class='ocrx_word' id='word_1_414' title='bbox 1178 4123 1275 4202; x_wconf 91' lang='lat' dir='ltr'><strong>priore</strong></span> <span class='ocrx_word' id='word_1_415' title='bbox 1291 4132 1372 4204; x_wconf 89' lang='lat' dir='ltr'><strong>parte</strong></span> <span class='ocrx_word' id='word_1_416' title='bbox 1387 4125 1598 4205; x_wconf 87' lang='lat' dir='ltr'><strong>complectatur</strong></span> 
     </span>
     <span class='ocr_line' id='line_1_38' title="bbox 245 4222 1597 4306; baseline 0.007 -25"><span class='ocrx_word' id='word_1_417' title='bbox 245 4241 292 4282; x_wconf 91' lang='lat' dir='ltr'><strong>res</strong></span> <span class='ocrx_word' id='word_1_418' title='bbox 315 4222 434 4295; x_wconf 89' lang='lat' dir='ltr'><strong>biennii,</strong></span> <span class='ocrx_word' id='word_1_419' title='bbox 458 4232 571 4286; x_wconf 89' lang='lat' dir='ltr'><strong>tantum</strong></span> <span class='ocrx_word' id='word_1_420' title='bbox 596 4224 687 4297; x_wconf 84' lang='lat' dir='ltr'><strong>abest,</strong></span> <span class='ocrx_word' id='word_1_421' title='bbox 710 4231 744 4286; x_wconf 92' lang='lat' dir='ltr'><strong>ut</strong></span> <span class='ocrx_word' id='word_1_422' title='bbox 758 4224 888 4287; x_wconf 90' lang='lat' dir='ltr'><strong>Petronii</strong></span> <span class='ocrx_word' id='word_1_423' title='bbox 911 4230 1123 4306; x_wconf 77' lang='lat' dir='ltr'><strong>praefecturam</strong></span> <span class='ocrx_word' id='word_1_424' title='bbox 1146 4227 1182 4287; x_wconf 91' lang='lat' dir='ltr'><strong>ad</strong></span> <span class='ocrx_word' id='word_1_425' title='bbox 1203 4224 1542 4298; x_wconf 79' lang='grc'>37291730331331331,</span> <span class='ocrx_word' id='word_1_426' title='bbox 1566 4239 1597 4290; x_wconf 88' lang='lat' dir='ltr'><strong>ut</strong></span> 
     </span>
     <span class='ocr_line' id='line_1_39' title="bbox 244 4325 1594 4412; baseline 0.006 -29"><span class='ocrx_word' id='word_1_427' title='bbox 244 4325 330 4404; x_wconf 82' lang='lat' dir='ltr'><strong>longe</strong></span> <span class='ocrx_word' id='word_1_428' title='bbox 353 4325 456 4387; x_wconf 91' lang='lat' dir='ltr'><strong>melius</strong></span> <span class='ocrx_word' id='word_1_429' title='bbox 480 4326 632 4387; x_wconf 84' lang='lat' dir='ltr'><strong>conveniet</strong></span> <span class='ocrx_word' id='word_1_430' title='bbox 653 4325 744 4388; x_wconf 90' lang='lat' dir='ltr'><strong>biemi</strong></span> <span class='ocrx_word' id='word_1_431' title='bbox 767 4328 916 4407; x_wconf 90' lang='lat' dir='ltr'><strong>sequenti;</strong></span> <span class='ocrx_word' id='word_1_432' title='bbox 939 4347 1007 4389; x_wconf 87' lang='lat' dir='ltr'><strong>nam</strong></span> <span class='ocrx_word' id='word_1_433' title='bbox 1030 4331 1213 4390; x_wconf 90' lang='lat' dir='ltr'><strong>frumentum</strong></span> <span class='ocrx_word' id='word_1_434' title='bbox 1237 4349 1272 4390; x_wconf 90' lang='lat' dir='ltr'><strong>ex</strong></span> <span class='ocrx_word' id='word_1_435' title='bbox 1294 4329 1423 4412; x_wconf 71' lang='lat' dir='ltr'><strong>Aegypto</strong></span> <span class='ocrx_word' id='word_1_436' title='bbox 1446 4331 1483 4392; x_wconf 88' lang='lat' dir='ltr'><strong>ad</strong></span> <span class='ocrx_word' id='word_1_437' title='bbox 1506 4331 1594 4393; x_wconf 90' lang='lat' dir='ltr'><strong>llero-</strong></span> 
     </span>
     <span class='ocr_line' id='line_1_40' title="bbox 245 4428 1594 4515; baseline 0.006 -28"><span class='ocrx_word' id='word_1_438' title='bbox 245 4428 310 4489; x_wconf 91' lang='lat' dir='ltr'><strong>dem</strong></span> <span class='ocrx_word' id='word_1_439' title='bbox 335 4430 459 4490; x_wconf 90' lang='lat' dir='ltr'><strong>missum</strong></span> <span class='ocrx_word' id='word_1_440' title='bbox 483 4449 546 4491; x_wconf 93' lang='lat' dir='ltr'><strong>esse</strong></span> <span class='ocrx_word' id='word_1_441' title='bbox 568 4440 636 4510; x_wconf 85' lang='lat' dir='ltr'><strong>post</strong></span> <span class='ocrx_word' id='word_1_442' title='bbox 661 4429 782 4492; x_wconf 85' lang='lat' dir='ltr'><strong>alteram</strong></span> <span class='ocrx_word' id='word_1_443' title='bbox 810 4431 929 4492; x_wconf 90' lang='lat' dir='ltr'><strong>demum</strong></span> <span class='ocrx_word' id='word_1_444' title='bbox 955 4451 1080 4494; x_wconf 89' lang='lat' dir='ltr'><strong>messem</strong></span> <span class='ocrx_word' id='word_1_445' title='bbox 1102 4432 1265 4508; x_wconf 89' lang='lat' dir='ltr'><strong>infelicem,</strong></span> <span class='ocrx_word' id='word_1_446' title='bbox 1296 4433 1325 4495; x_wconf 93' lang='lat' dir='ltr'><strong>id</strong></span> <span class='ocrx_word' id='word_1_447' title='bbox 1347 4443 1393 4496; x_wconf 92' lang='lat' dir='ltr'><strong>est</strong></span> <span class='ocrx_word' id='word_1_448' title='bbox 1415 4443 1482 4515; x_wconf 91' lang='lat' dir='ltr'><strong>post</strong></span> <span class='ocrx_word' id='word_1_449' title='bbox 1504 4443 1594 4496; x_wconf 88' lang='lat' dir='ltr'><strong>aesta-</strong></span> 
     </span>
    </p>
   </div>
   <div class='ocr_carea' id='block_1_3' title="bbox 244 4663 1592 4822">
    <p class='ocr_par' dir='ltr' id='par_1_3' title="bbox 244 4663 1592 4822">
     <span class='ocr_line' id='line_1_41' title="bbox 344 4663 1592 4742; baseline 0.003 -25"><span class='ocrx_word' id='word_1_450' title='bbox 344 4668 365 4733; x_wconf 89' lang='lat'><strong>¹)</strong></span> <span class='ocrx_word' id='word_1_451' title='bbox 383 4667 420 4718; x_wconf 87' lang='lat' dir='ltr'><strong>Cf.</strong></span> <span class='ocrx_word' id='word_1_452' title='bbox 440 4670 533 4720; x_wconf 83' lang='lat' dir='ltr'><strong>titulus</strong></span> <span class='ocrx_word' id='word_1_453' title='bbox 552 4670 654 4720; x_wconf 80' lang='lat' dir='ltr'><strong>Atticus</strong></span> <span class='ocrx_word' id='word_1_454' title='bbox 673 4671 700 4722; x_wconf 82' lang='lat' dir='ltr'><strong>C.</strong></span> <span class='ocrx_word' id='word_1_455' title='bbox 714 4670 731 4721; x_wconf 92' lang='lat' dir='ltr'><strong>l.</strong></span> <span class='ocrx_word' id='word_1_456' title='bbox 746 4673 775 4721; x_wconf 87' lang='lat' dir='ltr'><strong>A.</strong></span> <span class='ocrx_word' id='word_1_457' title='bbox 788 4670 828 4733; x_wconf 87' lang='grc' dir='ltr'>ΙΙΙ,</span> <span class='ocrx_word' id='word_1_458' title='bbox 846 4672 909 4722; x_wconf 72' lang='lat' dir='ltr'><strong>ott:</strong></span> <span class='ocrx_word' id='word_1_459' title='bbox 929 4669 1046 4738; x_wconf 75' lang='grc' dir='ltr'><em>ὁδῆμυς</em></span> <span class='ocrx_word' id='word_1_460' title='bbox 1065 4663 1151 4723; x_wconf 74' lang='grc' dir='ltr'>Γάιον</span> <span class='ocrx_word' id='word_1_461' title='bbox 1163 4673 1263 4722; x_wconf 76' lang='grc' dir='ltr'><strong><em>Αἴλιον</em></strong></span> <span class='ocrx_word' id='word_1_462' title='bbox 1277 4666 1380 4724; x_wconf 78' lang='grc' dir='ltr'><em>Γάλλον</em></span> <span class='ocrx_word' id='word_1_463' title='bbox 1399 4670 1494 4742; x_wconf 73' lang='grc' dir='ltr'><strong><em>ἀρετῆς</em></strong></span> <span class='ocrx_word' id='word_1_464' title='bbox 1510 4669 1592 4723; x_wconf 66' lang='grc' dir='ltr'><strong><em>ἕνεκα.</em></strong></span> 
     </span>
     <span class='ocr_line' id='line_1_42' title="bbox 244 4753 543 4822; baseline 0.013 -20"><span class='ocrx_word' id='word_1_465' title='bbox 244 4753 405 4822; x_wconf 74' lang='grc' dir='ltr'><strong><em>Πραξιτέλης</em></strong></span> <span class='ocrx_word' id='word_1_466' title='bbox 420 4753 543 4818; x_wconf 73' lang='grc' dir='ltr'><strong>ἐποίησε.</strong></span> 
     </span>
    </p>
   </div>
   <div class='ocr_carea' id='block_1_4' title="bbox 1739 482 1751 976">
    <p class='ocr_par' dir='ltr' id='par_1_4' title="bbox 1737 422 1751 1023">
     <span class='ocr_line' id='line_1_43' title="bbox 1739 482 1751 976; baseline 0 0"><span class='ocrx_word' id='word_1_467' title='bbox 1739 482 1751 976; x_wconf 86' lang='grc'><strong>1</strong></span> 
     </span>
    </p>
   </div>
   <div class='ocr_carea' id='block_1_5' title="bbox 0 0 1768 5417">
    <p class='ocr_par' dir='ltr' id='par_1_5' title="bbox 0 0 1768 5417">
     <span class='ocr_line' id='line_1_44' title="bbox 0 0 1768 5417; baseline 0 2"><span class='ocrx_word' id='word_1_468' title='bbox 0 0 1768 5417; x_wconf 95' lang='lat' dir='ltr'><strong> </strong></span> 
     </span>
    </p>
   </div>
  </div>
 </body>
</html>
