3525 5417
735 266 783 333 vr,
805 268 907 322 rs-ee
1460 275 1520 338 151

273 450 384 512 Lauros
406 457 562 531 perpetuas
584 447 713 510 decretas
736 467 800 510 esse
814 448 947 529 Augusto
972 455 1075 529 utpote
1097 467 1213 530 semper
1233 450 1335 513 victori
1355 451 1419 513 sins
1434 451 1522 514 dubio

171 562 252 615 16616
279 554 332 616 016
367 551 502 626 tradidit,
535 555 659 614 sortasse
689 552 723 614 ad
754 553 851 633 ipsum
880 560 999 614 senatus
1029 553 1197 615 consultum
1226 554 1262 616 de
1290 573 1323 616 ea
1349 574 1381 617 re
1403 558 1523 630 sactum,

172 675 268 737 neque
294 657 377 719 aliter
399 655 520 717 Ovidius
541 655 617 716 trist.
634 655 662 730 3,
688 657 715 729 1,
739 657 777 716 41
802 664 869 737 post
890 655 1019 736 quaesita
1042 674 1130 736 supra
1152 657 1246 737 posita
1267 657 1373 738 pergit:
1396 679 1436 721 611
1457 665 1523 739 quio

168 771 320 841 perpetuos
340 763 443 822 neeruit
465 760 564 822 dones
584 763 639 821 isto
660 756 839 841 triumphos?
861 777 1039 840 quamquam
1060 767 1094 820 ut
1109 759 1183 820 solet
1196 759 1249 821 alia
1265 759 1385 823 subicit:
1402 781 1440 823 on
1456 768 1523 842 quio

172 862 310 925 161166δὶ6
336 881 444 943 seraper
476 873 574 925 emoto
600 863 649 924 deo
677 859 738 924 esti>
769 867 867 942 ipsane
894 863 968 944 quod
993 864 1067 943 leste
1093 874 1133 924 est
1161 882 1200 926 on
1226 853 1300 944 qicod
1324 866 1397 944 facit
1426 871 1523 928 omnio
1579 862 1584 874 '

170 963 267 1047 fmtoi’
299 985 385 1048 66661
410 967 510 1030 tribuit
537 969 621 1028 tern's
646 969 786 1046 pacisce
807 969 950 1028 istcnoto
971 961 1033 1028 est?
1056 997 1098 1010 -
1120 965 1250 1027 Coronae
1272 974 1371 1028 autem
1394 986 1522 1048 quernae

170 1070 368 1131 decernendae
390 1088 508 1132 causam
530 1069 580 1150 qui
603 1068 722 1150 scripsit
741 1071 832 1130 fastos
846 1067 1051 1131 Praenestinos
1073 1069 1108 1130 ad
1128 1069 1187 1131 lan.
1206 1069 1243 1130 13
1268 1069 1293 1130 si
1314 1070 1433 1150 quidem
1456 1090 1522 1133 vere

170 1173 345 1254 significavit
372 1173 463 1235 luisse
489 1172 707 1252 provinciarum
736 1171 970 1244 restitutionem,
1005 1171 1104 1234 minus
1133 1173 1251 1253 proprie
1274 1191 1337 1234 rem
1359 1174 1520 1254 explicavit.

169 1276 243 1338 Nam
270 1295 332 1339 nou
360 1274 547 1350 6616111016,
577 1276 628 1337 sed
652 1275 719 1356 ipsa
745 1274 832 1336 rerba
858 1274 895 1335 ad
921 1293 1060 1336 coronam
1088 1276 1232 1356 adscripta
1263 1275 1428 1355 significant
1456 1297 1519 1338 eam

168 1380 302 1460 Augusto
331 1379 477 1442 decretam
505 1397 570 1440 esse
597 1381 632 1441 ol
653 1383 720 1442 eicis
746 1388 888 1452 66166161,
922 1396 996 1458 quae
1024 1387 1069 1440 est
1097 1397 1220 1440 coronae
1248 1379 1311 1441 eius
1339 1388 1452 1442 vetusta
1475 1381 1522 1442 len

169 1483 352 1564 (llarquardt
373 1482 643 1563 Stootsoertooltueq
665 1482 695 1556 2,
718 1481 803 1561 557),
826 1480 914 1560 idque
932 1479 1032 1561 ipsum
1047 1480 1220 1559 significavit
1235 1482 1361 1545 Graecus
1376 1483 1521 1564 interpres

167 1596 285 1649 1611666
311 1585 369 1651 τὸν
395 1582 530 1668 δρύϊνον
558 1587 721 1668 στέφανον
747 1582 806 1647 τὸν
831 1579 1008 1664 διδόμενον
1034 1573 1091 1645 ἐπὶ
1120 1586 1265 1667 σωτηρίᾳ
1290 1585 1355 1649 τῶν
1377 1585 1523 1650 πολιτῶν

169 1693 218 1766 (61.
236 1689 349 1752 Plinius
364 1690 394 1751 b.
410 1709 440 1752 6.
457 1690 506 1764 16,
527 1691 555 1764 4,
578 1689 611 1751 8:
640 1688 781 1771 1169661111
802 1705 937 1750 emonam
959 1689 1076 1770 civicum
1098 1705 1117 1748 o
1136 1707 1236 1768 ponere
1258 1689 1383 1754 lemano
1405 1695 1521 1772 accepim

167 1795 279 1855 Seneca
301 1794 337 1856 de
358 1794 442 1856 clem.
461 1794 488 1868 1,
511 1793 562 1868 26,
578 1791 621 1872 5).
651 1792 766 1855 Scilicet
787 1789 896 1853 decreti
911 1799 982 1852 suot
995 1789 1123 1852 bonores
1138 1791 1178 1866 hi,
1200 1801 1356 1872 postquam
1371 1793 1522 1873 Augustus

165 1896 199 1959 in
221 1896 483 1978 senatuexposuit
504 1897 533 1959 id
554 1898 653 1977 ipsum
676 1895 753 1976 quod
777 1913 865 1976 supra
889 1893 1002 1974 (1,14)
1025 1893 1066 1956 616
1087 1913 1141 1974 per
1162 1896 1368 1976 compendium
1389 1897 1520 1960 rettulit:

166 2021 252 2066 61616
273 2013 354 2064 terro
374 2007 452 2066 mori
471 2012 498 2063 et
518 2004 631 2062 16161116
651 2010 825 2081 catenaque
846 2009 903 2061 toto
923 2001 955 2060 in
977 1998 1044 2060 orde
1066 2009 1210 2060 terrorem
1232 2018 1260 2061 se
1281 2004 1445 2064 sustinuisse
1461 2004 1521 2063 oie-

166 2116 310 2187 toremque
333 2105 466 2168 omnibus
487 2105 680 2184 superstitibus
702 2105 806 2166 6116666
824 2106 991 2184 pepercisse.
1034 2101 1077 2163 Eo
1099 2120 1178 2177 sane,
1201 2102 1280 2183 quod
1302 2105 1389 2164 vitam
1413 2101 1520 2165 cisium

165 2209 316 2288 Augustus
337 2227 398 2270 uon
420 2207 530 2289 proelio
553 2207 686 2283 servavit,
708 2207 760 2270 sed
781 2215 849 2288 post
870 2205 1021 2268 victoriam
1045 2205 1213 2279 clementia,
1236 2205 1272 2268 ab
1295 2207 1413 2286 antiqua
1437 2226 1520 2268 seve-

162 2313 252 2376 ritate
273 2314 321 2376 hic
342 2321 461 2375 senatus
482 2296 618 2386 recessit,
640 2330 700 2372 uon
722 2309 837 2390 longius
860 2318 958 2371 tamen
980 2327 1068 2390 quam
1091 2308 1160 2371 fecit
1182 2309 1427 2372 nonnosum
1449 2309 1523 2373 dixit

163 2417 197 2478 in
226 2425 328 2479 senatu
356 2435 493 2479 coronam
521 2413 641 2477 civicam
664 2413 797 2476 Ciceroni
824 2412 923 2475 deberi
954 2411 991 2474 ob
1014 2412 1103 2474 vitam
1125 2413 1232 2474 civium
1255 2413 1436 2493 procidentia
1457 2414 1521 2476 eius

129 2518 132 2522 ’
163 2521 275 2583 salvam
290 2520 402 2592 (Cicero
423 2520 455 2582 iu
476 2519 534 2580 Pis.
558 2518 586 2593 3,
602 2519 639 2591 6;
662 2517 771 2579 Gellius
793 2518 822 2590 5,
838 2517 868 2590 6,
887 2515 948 2595 15).
985 2515 1086 2595 Neque
1109 2515 1144 2576 de
1160 2535 1192 2577 ea
1215 2534 1246 2576 re
1269 2535 1410 2598 umquam
1434 2517 1521 2580 dubi-

164 2633 262 2686 tatum
292 2633 347 2686 est.
391 2624 449 2686 Sed
477 2622 602 2685 coniecit
628 2620 804 2701 Borghesius
832 2619 959 2701 (opp.2,
983 2617 1057 2698 110)
1080 2618 1274 2699 adstipulante
1297 2638 1391 2702 nuper
1413 2621 1520 2684 Salleto

162 2737 267 2791 nostro
295 2729 467 2808 (Zeinebrist
492 2728 545 2807 [111
571 2724 802 2788 Numismotc'lttl
830 2744 858 2804 p.
877 2722 950 2801 177)
979 2740 1045 2783 eum
1077 2722 1219 2785 bonorem
1247 2723 1375 2786 oblatum
1405 2725 1520 2789 Caesari

162 2852 189 2894 a.
214 2831 275 2893 727
309 2831 404 2894 eidem
445 2849 480 2892 ex
515 2829 634 2892 Oriente
665 2829 790 2890 Romam
826 2825 962 2889 redeunti
989 2845 1015 2887 a.
1039 2824 1099 2886 735
1129 2825 1192 2887 061.
1218 2825 1257 2887 12
1288 2836 1409 2909 propter
1443 2828 1520 2890 cives

153 2935 285 3017 captivos
308 2942 493 3016 recuperatos
508 2952 524 2995 a
538 2931 655 2994 Parthis
674 2931 833 3011 repetitum
855 2938 1034 3010 auctumque
1061 2947 1134 2991 esse.
1171 2928 1245 2992 Nam
1261 2931 1296 2994 ad
1312 2933 1391 3006 bunc
1405 2951 1518 2994 annum

154 3049 259 3102 1161616
282 3037 512 3102 Cassiodorium:
547 3036 665 3099 Caesari
689 3052 726 3095 ee
748 3037 906 3114 proeimrl's
926 3033 1059 3095 redeunti
1080 3051 1185 3096 currus
1208 3054 1274 3097 1661
1296 3053 1402 3098 corono
1424 3055 1515 3099 aureo

156 3144 285 3206 decretus
313 3153 366 3216 est,
395 3159 449 3222 quo
475 3139 625 3202 oscendere
653 3138 761 3210 soloin
790 3136 821 3198 in
849 3136 982 3198 nummis
1010 3145 1108 3197 autern
1138 3136 1326 3200 triumvirum
1354 3159 1380 3200 6.
1403 3159 1427 3202 6.
1452 3140 1518 3202 735

155 3246 190 3308 L.
205 3245 325 3327 Aquillii
338 3244 418 3307 Flori
439 3245 476 3306 ll.
492 3243 605 3306 06111111
627 3241 660 3303 P.
675 3239 806 3301 Petronii
828 3239 990 3320 Turpiliani
1012 3257 1151 3301 coronam
1175 3240 1303 3321 conspici
1325 3241 1361 3303 ab
1384 3262 1513 3322 eaquae

155 3349 288 3412 cernitur
316 3349 347 3410 16
373 3367 462 3411 aureo
483 3367 509 3410 a.
533 3346 594 3408 727
617 3345 780 3419 diversam,
807 3342 950 3406 nimirum
973 3342 1062 3405 vittas
1083 3342 1114 3403 in
1136 3341 1196 3404 1616
1217 3352 1314 3424 parte,
1337 3364 1425 3426 supra
1447 3364 1519 3407 vero

155 3471 255 3514 rosam
278 3453 434 3515 habentem
456 3451 554 3532 itaque
577 3448 698 3512 omnino
720 3451 826 3510 iactam
849 3466 886 3509 ex
907 3445 1024 3508 metallo
1045 3453 1075 3508 et
1094 3445 1125 3508 in
1140 3445 1233 3526 capite
1248 3456 1369 3526 gestam.
1406 3448 1518 3510 Vereor

159 3566 272 3630 1611166,
301 3574 338 3617 66
359 3556 391 3617 16
414 3555 468 3617 bac
489 3573 521 3616 re
544 3553 650 3616 errarit
671 3552 716 3614 111
737 3551 926 3614 doctissimus
948 3550 1110 3628 eademque
1132 3567 1239 3611 corona
1260 3550 1456 3632 intellegenda
1479 3553 1518 3616 sit

156 3668 216 3721 tam
245 3657 277 3718 iu
305 3676 393 3719 aureo
419 3676 445 3720 a.
469 3655 530 3717 727
558 3664 588 3718 61
616 3656 648 3717 16
675 3656 818 3719 sestertiis
846 3655 959 3728 aeneis,
987 3653 1037 3734 qui
1066 3663 1227 3734 coeperunt
1248 3673 1272 3715 6.
1295 3674 1321 3716 6.
1345 3655 1407 3718 730
1430 3655 1516 3738 (rom.

155 3763 338 3824 Matnzcoesen
358 3765 387 3841 p'.
405 3760 490 3839 743),
512 3758 635 3839 aliisque
657 3759 858 3841 compluribus
879 3757 1012 3821 nummis
1028 3775 1117 3836 quem
1133 3757 1165 3819 in
1180 3758 1311 3820 nummis
1327 3759 1515 3822 triumvirum

154 3884 245 3947 supra
271 3863 426 3938 dictorum,
454 3863 584 3944 vittaque
610 3870 641 3925 et
670 3883 755 3937 rosa,
778 3862 839 3924 sive
865 3879 980 3942 gemma
1002 3880 1036 3923 ea
1060 3868 1113 3936 est,
1137 3861 1259 3923 obeam
1282 3881 1400 3925 causam
1422 3865 1513 3926 solam

156 3969 188 4030 in
211 3987 334 4030 nummo
356 3968 459 4029 11727
483 3975 512 4029 61
533 3966 597 4029 aliis
617 3966 793 4047 quibusdam
814 3966 938 4042 deficiat,
962 3965 1039 4046 quod
1055 3964 1218 4027 ihi'coroua
1233 3967 1407 4048 proponitur
1422 3970 1516 4030 forma

156 4072 271 4134 1616616
297 4081 327 4133 61
352 4089 457 4153 parum
484 4079 551 4152 apta
577 4070 792 4133 accessionibus
818 4070 875 4132 illis
901 4069 1089 4151 recipiendis,
1111 4069 1157 4131 rel
1185 4069 1305 4132 omniuo
1333 4071 1412 4150 quod
1435 4071 1515 4133 faber

156 4195 221 4238 eam
245 4174 343 4237 minus
365 4175 451 4256 plene
472 4183 503 4237 et
524 4183 657 4237 accurate
679 4172 916 4254 repraesentavit
952 4173 1094 4254 Compara
1115 4172 1192 4235 inter
1213 4173 1284 4236 alios
1306 4194 1374 4236 cum
1390 4194 1514 4237 nummo

156 4279 208 4340 illo
231 4278 394 4361 Turpiliani
416 4278 530 4357 (Cobeu
552 4279 624 4358 Aug.
642 4277 716 4359 476)
745 4277 869 4340 alterum
892 4297 923 4340 n.
939 4276 1011 4352 205,
1033 4277 1064 4338 16
1087 4297 1146 4357 quo
1168 4286 1288 4359 propter
1309 4279 1410 4341 laurus
1432 4279 1514 4340 611611

155 4383 233 4464 parti
254 4381 362 4445 incisas
383 4391 464 4444 extra
486 4382 607 4445 dubium
638 4389 684 4443 est
705 4399 843 4444 coronam
865 4381 986 4443 aedibus
1008 4399 1167 4462 appensam
1190 4381 1359 4462 significari,
1388 4382 1515 4445 videbis·

156 4505 214 4566 que
241 4484 272 4546 in
301 4493 424 4564 unaque
450 4484 612 4565 peniteret
639 4503 787 4565 gemmam
813 4485 915 4548 adesse
942 4495 972 4547 et
997 4485 1164 4547 lemniscos.
1202 4485 1235 4546 ld
1262 4485 1360 4568 ipsum
1387 4487 1514 4548 efficitur

156 4607 194 4651 ex
220 4587 411 4669 inscriptione
439 4589 473 4651 60
495 4592 565 4651 civis
584 4599 711 4653 16166166
737 4587 825 4651 611661
848 4609 864 4650 a
887 4588 1049 4652 triumviris
1070 4587 1128 4650 illis
1150 4596 1306 4668 usurpata3
1334 4607 1402 4652 narn
1425 4608 1458 4650 ea
1481 4598 1515 4650 ut

156 4711 282 4755 coronae
303 4709 448 4772 appensae
469 4699 534 4772 apta
557 4699 611 4766 est,
634 4689 675 4753 ita
702 4690 734 4753 iu
755 4690 854 4772 [capite
876 4701 973 4772 gestae
990 4690 1111 4754 minime
1126 4692 1271 4755 convenit.
1307 4691 1460 4754 Praeterea
1475 4711 1513 4754 no
