3525 5417
221 350 262 408 v1

222 527 340 609 quidem
363 536 445 590 extra
467 528 588 590 domum
611 525 828 607 imperatoriam
852 524 1006 588 constituti
1029 525 1164 607 princeps
1188 526 1367 588 mentionem
1390 528 1576 609 tacitaeque

222 632 341 693 omnino
364 640 566 711 praeterquam
590 630 620 691 in
643 630 727 690 annis
753 628 939 708 designandis
960 647 1069 691 nomen
1091 630 1176 710 ponit
1194 630 1323 692 hominis
1339 632 1413 693 intra
1428 632 1575 711 fastigium

222 734 445 815 imperatorium
474 732 634 794 constituti.
679 731 719 792 lle
748 731 845 794 turbis
873 730 1007 794 civilibus
1035 732 1106 794 dicit
1131 732 1250 812 quidem
1273 735 1475 815 compluribus
1496 735 1576 808 locis,

225 838 277 900 sed
299 836 472 898 brevissime
496 844 526 897 et
548 834 716 897 cautissime
739 844 768 895 et
790 844 824 896 ut
844 850 990 914 nusquam
1008 835 1129 897 nomina
1145 837 1280 899 enuntiet
1294 856 1396 899 eorum
1412 838 1464 918 qui
1478 847 1578 899 contra

225 960 255 1002 se
283 957 364 1001 arma
399 938 536 1001 tulissent
568 938 650 999 bellis
683 935 829 1010 civilibus,
858 945 892 998 ut
919 937 956 998 hl.
973 938 1056 1000 Bruti
1085 947 1116 1000 et
1141 940 1173 1001 C.
1188 939 1280 1001 Cassii
1309 942 1422 1021 (factioz
1451 959 1502 1013 1²3
1530 944 1581 1022 qui

222 1054 371 1123 parentem
396 1060 490 1102 meum
515 1041 734 1120 interfecerunt:
764 1043 848 1115 ιιι),
879 1041 917 1101 Μ.
938 1041 1056 1103 Antonii
1078 1043 1115 1121 (is
1136 1062 1201 1104 cum
1221 1063 1277 1125 quo
1299 1043 1402 1105 bellum
1423 1062 1578 1124 gesseram:

225 1164 253 1206 rr
268 1164 295 1207 so
316 1146 352 1206 cl.
368 1164 384 1205 v
401 1164 413 1205 ι
433 1152 462 1205 et
476 1143 529 1205 llio
546 1146 597 1216 51,
615 1143 677 1223 19),
693 1143 730 1204 hl.
747 1143 847 1223 Lepidi
870 1142 945 1223 (cepi
961 1144 991 1205 id
1009 1146 1198 1207 sacedotium
1212 1180 1254 1191 —
1269 1146 1469 1226 pontificatum
1487 1146 1580 1208 maxi-

227 1267 310 1310 mum
332 1282 374 1291 -
395 1266 427 1309 eo
447 1258 559 1309 mortuo
582 1250 632 1325 qau'
651 1244 740 1307 oioib's
760 1256 855 1307 motus
877 1251 1020 1309 mensione
1035 1260 1234 1330 occupauerat:
1257 1268 1278 1309 ιι
1294 1249 1343 1329 ιι),
1366 1251 1432 1311 Sex.
1448 1250 1581 1330 Pompeii

227 1352 412 1433 (praedonem
436 1369 454 1410 r
476 1352 510 1424 ι).
555 1349 649 1411 Cladis
673 1347 811 1409 Varianae
834 1348 1036 1431 similiumque
1058 1352 1286 1413 infortuniorum
1314 1353 1494 1414 mentionem
1521 1372 1579 1414 non

227 1455 290 1516 heri
312 1454 360 1515 vix
382 1471 457 1533 opus
480 1459 524 1513 est
546 1469 681 1526 monere;
703 1460 805 1513 contra
828 1462 1010 1515 memoratur
1032 1454 1177 1535 expeditio
1200 1474 1258 1516 non
1281 1456 1375 1517 multo
1395 1455 1487 1535 magis
1502 1455 1580 1527 felix,

228 1558 279 1621 sed
302 1576 361 1619 non
384 1554 741 1618 conclamataheliiGalli
762 1555 859 1636 (ιιι).
893 1554 1024 1635 Denique
1046 1576 1150 1619 arcana
1173 1558 1289 1646 imperii
1311 1559 1340 1619 in
1358 1560 1408 1621 tali
1423 1558 1581 1639 scriptione

227 1681 315 1724 nemo
338 1679 427 1723 sanus
450 1666 586 1738 quaeret,
609 1658 660 1719 sed
683 1677 725 1731 ea,
748 1677 822 1737 quae
844 1659 987 1738 populum
1011 1661 1180 1722 universum
1203 1672 1232 1723 et
1254 1661 1433 1741 plebeculam
1456 1662 1582 1723 maxime

228 1770 265 1830 dc
287 1784 318 1826 se
341 1764 386 1825 vel
407 1781 495 1823 nosse
518 1761 563 1822 vel
585 1761 702 1822 credere
726 1761 810 1822 vellet
831 1761 991 1841 imperator
1013 1763 1104 1825 animi
1125 1763 1220 1825 callidi
1237 1765 1327 1843 magis
1342 1783 1429 1844 quam
1445 1763 1581 1825 sublimis

230 1871 340 1952 quique
363 1865 461 1946 magni
483 1864 538 1926 viri
559 1881 715 1945 personam
738 1871 804 1943 apte
826 1864 950 1942 gesserit
971 1865 1034 1946 ipse
1056 1884 1115 1928 non
1138 1884 1272 1946 magnus.

272 1971 368 2053 Capl
392 1972 432 2052 (p.
449 1968 491 2048 2).

362 2092 372 2135 1
395 2092 447 2136 ι-ι
472 2068 717 2134 Adulescentulus
738 2068 899 2130 exereitum
921 2080 1079 2151 comparat.

394 2196 445 2241 ι-ι
474 2177 550 2237 Loco
573 2172 719 2236 consulari
741 2172 884 2252 adlegitur
905 2173 935 2235 in
958 2184 1103 2250 senatum,
1130 2176 1201 2238 item
1224 2176 1380 2256 imperium
1403 2174 1509 2255 accipit
1530 2193 1584 2255 pro

536 2286 680 2357 praetore.

394 2404 446 2446 r-s
473 2380 583 2443 Consul
604 2380 616 2440 l
639 2387 755 2441 creatur
776 2388 806 2439 ot
827 2379 917 2442 lllvir
938 2399 962 2442 r.
979 2401 1007 2462 p.
1024 2401 1049 2444 c.

273 2490 342 2569 Cap.
357 2488 383 2548 ll
406 2490 447 2567 (p.
464 2485 506 2564 5).

337 2608 348 2651 1
370 2606 449 2650 ιο-ιι
476 2588 536 2649 Lex
558 2584 656 2647 Pedia.
701 2583 813 2645 bellum
837 2584 1032 2667 Philippense.

274 2696 342 2775 Cap.
358 2692 398 2755 Ill
420 2690 461 2773 (p.
479 2692 520 2765 5).

337 2814 347 2857 ι
369 2814 449 2858 ιι-ιι
476 2793 554 2855 Ralla
576 2798 719 2853 sustenta.
765 2789 884 2852 Civibus
907 2801 936 2853 et
956 2793 1103 2874 plerisque
1125 2795 1253 2857 externis
1275 2794 1368 2856 victor
1390 2792 1492 2873 parcit.

367 2916 448 2960 ιι-ιι
474 2896 622 2958 Numerus
646 2893 772 2955 militum
796 2901 824 2955 et
847 2902 1063 2958 veteranorum.

375 3020 408 3064 ιι.
421 3020 449 3063 ao
475 2999 624 3061 Numerus
646 2996 765 3059 navium
788 3007 950 3077 captarum.

276 3108 343 3187 Cap.
359 3104 397 3166 lV
420 3108 461 3185 (p.
479 3102 540 3182 10).

339 3224 450 3271 ιιι-ιι
476 3206 623 3268 Numerus
657 3200 825 3263 orationum
860 3210 890 3263 et
923 3203 1154 3285 tn'umphorum.
1198 3203 1352 3286 Triumphi
1379 3222 1439 3265 non
1469 3202 1589 3282 accepti.

540 3308 653 3369 Laurus
675 3304 834 3384 depositae.

370 3430 450 3475 at-aa
477 3411 625 3473 Numerus
649 3407 896 3488 supplicationum
920 3418 950 3470 et
971 3410 1085 3473 dierum
1108 3430 1162 3493 per
1183 3430 1258 3491 quos
1281 3410 1477 3491 supplicatum
1500 3417 1554 3471 est

375 3534 409 3579 ar.
421 3533 450 3577 as
475 3515 623 3576 Numerus
645 3529 748 3591 regum
770 3510 989 3593 liberorumque
1011 3532 1115 3576 eorum
1131 3514 1162 3576 in
1179 3514 1336 3594 triumphis
1351 3513 1408 3575 illis
1423 3513 1589 3575 ductorum.

368 3636 450 3681 as-so
475 3617 624 3679 Numerus
646 3614 852 3677 consulatuum
875 3625 906 3677 et
927 3624 1073 3680 annorum
1096 3617 1267 3680 tribuniciae
1289 3616 1452 3698 potestatis.

279 3719 532 3803 QNQQ.

341 3843 351 3886 1
379 3840 454 3887 ιιιι
481 3823 629 3884 Dictatura
651 3838 711 3881 uon
734 3828 860 3901 accepta.

371 3946 452 3991 ιι-ιι
478 3927 554 3989 Cura
577 3942 718 3985 annonae.

380 4051 412 4093 ιι.
426 4050 452 4092 ιι
480 4027 657 4091 Consulatus
679 4034 840 4108 perpetuus
863 4046 924 4089 non
945 4038 1092 4109 acceptus.

280 4132 546 4215 Qwspm

343 4256 353 4296 1
375 4254 446 4299 ιι..
481 4237 556 4298 Cura
578 4234 675 4313 legum
698 4240 728 4293 et
749 4249 867 4293 morum
891 4255 950 4298 nou
973 4245 1099 4316 accepta,
1123 4245 1262 4317 usurpata
1278 4242 1407 4316 potestas
1423 4231 1590 4295 tribunicia.

345 4368 354 4409 ι
483 4348 614 4427 Collegae
636 4342 809 4407 tribunicias
831 4341 995 4424 potestatis.

282 4452 350 4533 Cap.
366 4451 417 4514 Vll
439 4451 480 4532 (p.
498 4448 561 4528 31).

345 4573 428 4616 1...
483 4550 632 4614 Triumvir
653 4569 677 4611 r.
693 4568 721 4630 p.
738 4568 763 4610 c.

345 4677 355 4718 ι
385 4676 417 4719 ιι
431 4676 458 4721 ιι
486 4656 625 4735 Princeps
647 4659 777 4715 senatus.

346 4780 356 4823 1
384 4778 418 4823 ιι.
432 4779 457 4822 ιι
488 4758 662 4821 Sacerdotis.
