3525 5417
736 368 771 436 V,
790 369 892 423 24-31
1425 371 1486 434 117

142 546 308 608 Parthicum
330 567 346 608 a
362 547 483 609 Vonone
496 547 536 610 'et
556 548 732 610 adfectatum
748 548 954 609 Armeniacum
977 554 1101 627 uterque
1122 556 1224 610 auctor
1238 556 1305 626 arte¹
1324 545 1489 628 coniungit)

142 649 276 714 Vonones
302 652 369 713 exul
389 651 421 713 in
436 650 605 714 Armeniam
633 651 715 714 venit
738 651 838 731 ibique
865 669 934 712 eum
956 649 1013 712 sihi
1034 669 1051 711 a
1072 651 1197 713 faotione
1218 651 1343 731 quadam
1365 668 1488 730 regnum

143 753 304 828 offerretur,
327 753 358 815 id
379 754 510 834 susoepit
531 764 561 816 et
581 755 618 817 ab
633 756 766 835 Augusto
787 766 822 816 ut
842 754 874 815 in
897 773 931 815 eo
953 754 1177 816 confirmaretur
1198 774 1251 836 per
1272 756 1381 834 legatos
1396 753 1488 835 petiit,

143 875 237 936 neque
259 866 359 919 tamen
381 857 557 937 impetravit,
579 877 648 920 narn
672 859 697 920 si
718 859 914 939 impetrasset,
937 858 1087 938 Augustus
1103 858 1207 938 opinor
1221 858 1251 919 id
1266 876 1326 919 non
1342 857 1490 919 tacuisset.

142 959 197 1021 Eas
219 961 320 1023 turbas
343 970 373 1023 et
393 979 517 1042 regnum
539 961 626 1024 inane
642 962 747 1024 Strabo
769 981 886 1043 quoque
907 961 983 1023 libro
1006 970 1097 1036 sexto,
1119 980 1208 1042 quem
1224 970 1329 1042 quarto
1350 963 1409 1022 iere
1424 967 1492 1041 post

141 1061 220 1124 huno
245 1063 372 1126 indicem
401 1082 479 1127 anno
507 1064 637 1146 scripsit,
668 1065 762 1146 tangit
783 1066 813 1140 6,
835 1068 866 1139 4,
889 1063 909 1124 2
931 1084 959 1145 p.
975 1063 1048 1138 288,
1083 1064 1114 1127 in
1146 1083 1269 1128 recensu
1304 1063 1489 1146 populorum,

142 1166 192 1244 qui
224 1186 241 1228 a
267 1167 409 1231 Romanis
442 1167 579 1240 dominos
604 1167 787 1250 aoeiperent:
819 1163 987 1250 Ἀρμένιοι
1013 1165 1051 1230 δὲ
1078 1203 1121 1211 -
1147 1169 1333 1252 παρουσίας
1359 1165 1490 1230 δέονται

141 1265 243 1348 μόνον
263 1270 329 1334 τῶν
350 1267 573 1356 ἡγησομένων,
596 1270 701 1345 καλῶς
723 1269 761 1334 δὲ
790 1271 1000 1352 κρατοῦνται·
1027 1267 1254 1351 νεωτερίζουσι
1283 1268 1321 1334 ot
1347 1267 1407 1333 διὰ
1433 1267 1492 1342 τὰς

141 1372 205 1434 τῶν
222 1368 392 1456 Ῥωμαίων
414 1369 634 1454 ἄπασχολίας.

239 1478 387 1551 Quamdiu
408 1479 545 1540 Armenia
570 1478 602 1540 in
629 1477 743 1540 dicione
769 1478 901 1541 Romana
934 1477 1056 1553 mansit,
1089 1478 1120 1541 id
1153 1479 1189 1540 ad
1216 1477 1340 1541 Mediam
1374 1497 1491 1558 quoqne

142 1579 317 1661 pertinuisse
338 1582 496 1645 uerisimile
517 1590 615 1644 estet
636 1592 696 1644 tam
711 1581 935 1644 Ariobarzanem
957 1601 1046 1663 qnam
1062 1582 1250 1644 Artavasdem
1273 1601 1302 1642 rr
1322 1581 1492 1660 inutraque
1515 1647 1521 1658 ,

142 1685 250 1766 pariter
271 1704 416 1764 regnasse.
453 1685 525 1747 Post
545 1685 574 1747 id
596 1692 714 1766 tempus
729 1705 796 1748 oum
812 1685 949 1748 Armenia
965 1686 1105 1748 Romanis
1120 1705 1184 1748 sese
1200 1685 1394 1759 subtraheret,
1416 1684 1492 1747 hiedi

141 1797 192 1849 aut
215 1789 320 1850 eodem
341 1797 475 1870 tempore
496 1797 548 1850 aut
569 1798 653 1851 antea
674 1789 734 1850 iam
756 1809 773 1851 a
794 1790 935 1852 Romanis
957 1790 1143 1853 desciverunt
1165 1789 1325 1852 constituto
1348 1788 1403 1851 sibi
1423 1807 1492 1869 rege

141 1892 287 1954 Artabano
315 1892 470 1973 (Iosephus
496 1901 556 1954 ant
574 1891 623 1966 18,
646 1892 675 1966 2,
699 1893 732 1971 4)
763 1902 895 1956 materno
926 1913 961 1956 ex
991 1913 1095 1974 genere
1122 1893 1304 1967 Arsacidam,
1332 1893 1382 1954 sed
1409 1899 1492 1974 patre

143 1995 248 2076 Soytha
270 2004 305 2058 ut
325 1995 455 2068 ridetur,
485 2004 563 2058 certe
585 1997 741 2058 educatum
770 1997 847 2077 apud
871 1997 993 2078 Scythas
1016 1996 1241 2078 (Tacitus-ann.
1258 1995 1293 2071 2,
1317 1995 1345 2056 3.
1369 1997 1405 2071 6,
1428 1994 1491 2073 42),

142 2118 209 2160 eum
230 2100 342 2180 ipsum,
371 2098 423 2178 qui
444 2098 513 2160 hino
535 2118 620 2160 orsus
643 2119 667 2160 e.
683 2119 709 2161 a.
725 2099 788 2161 764
809 2100 930 2163 Vonone
951 2101 1073 2182 expulso
1095 2099 1211 2161 Parthis
1233 2117 1350 2179 quoque
1370 2098 1493 2180 imperi-

141 2202 220 2265 tavit
257 2202 362 2264 Strabo
383 2211 482 2265 tamen
507 2204 555 2278 11,
581 2203 637 2278 13,
664 2203 684 2263 2
713 2222 742 2282 p.
763 2202 824 2265 523
854 2203 953 2266 Medos
981 2204 1082 2266 scribit
1110 2202 1268 2265 amicitiam
1294 2203 1396 2265 iecisse
1423 2221 1491 2264 oum

142 2306 271 2382 Caesare,
293 2306 383 2369 simul
405 2315 504 2369 tamen
525 2307 650 2370 Parthos
670 2307 775 2369 oolere.

240 2411 402 2473 Stemmata
423 2410 536 2473 subieoi
557 2411 622 2473 tria.

670 2569 786 2612 REGES
807 2568 997 2611 annurtiant.

645 2634 772 2699 Tigranes
791 2633 820 2697 ti)
837 2649 908 2697 regn.
927 2635 958 2685 ab
976 2650 998 2684 a.
1019 2633 1068 2684 657
1087 2634 1117 2683 ai
1136 2649 1158 2684 a.
1179 2641 1248 2686 corte
1268 2633 1317 2684 698

685 2788 845 2841 Artavasdes
862 2792 877 2842 τ
896 2788 947 2838 724

509 2892 622 2943 Artaxes
762 2890 887 2956 Tigranes
904 2891 945 2958 (ΙΙ)
1021 2893 1197 2944 muraenas?

460 2975 531 3025 regn.
549 2961 685 3012 ⁷20-734
753 2961 963 3025 regn.734—..
1028 2968 1083 3018 το.
1096 2977 1118 3011 a.
1132 2961 1181 3010 753

712 3143 728 3193 †
745 3151 766 3184 e.
780 3149 802 3184 a.
816 3133 865 3184 763

683 3257 794 3300 RRGES
815 3256 959 3298 HEDIAE.

723 3323 912 3375 Ariobarzanes

741 3474 898 3528 Artavasdes

738 3551 754 3602 †
772 3561 794 3595 e.
807 3560 831 3596 a.
845 3543 895 3594 734

730 3697 916 3750 Ariobarzanes

530 3782 576 3818 rex
593 3767 692 3819 Mediae
711 3784 733 3818 e.
745 3783 768 3818 a,
782 3766 841 3830 734,
858 3764 995 3816 Armeniae
1012 3779 1036 3815 a.
1050 3764 1098 3814 763

740 3921 897 3972 Artavasdes

629 4004 677 4040 rex
696 3989 795 4041 Mediae
812 3996 840 4040 et
856 3988 993 4039 Armeniae

651 4120 655 4128 .
712 4063 803 4114 †ante
821 4071 844 4107 a.
857 4057 909 4107 '164

221 4264 334 4317 Herodes
351 4263 632 4331 Magnaevbiariamne
657 4197 1165 4330 RAEriiiitelsaaievtlieAxE(Alaliipadooiae--mxor
1183 4261 1253 4326 regis
1269 4261 1405 4313 Armeniae
1422 4259 1495 4312 Aliat

399 4420 545 4470 Alexander
768 4443 800 4461 ν
1017 4415 1148 4484 Glaphyra

520 4525 669 4575 Alexander
853 4523 980 4586 Tigranes
998 4521 1054 4585 (IV)

789 4607 837 4643 rex
856 4591 989 4642 Armeniae
1008 4607 1030 4640 e.
1043 4606 1066 4641 a.
1079 4591 1129 4642 764

535 4659 662 4724 Tigranes
813 4668 829 4719 †
847 4677 870 4712 a.
884 4660 934 4711 789
950 4669 985 4702 '=
1002 4675 1025 4726 p.
1038 4659 1066 4710 G.
1079 4659 1111 4709 36

498 4744 547 4781 rex
564 4731 698 4781 Armeniae

464 4814 487 4849 a.
500 4799 550 4849 813
569 4819 601 4842 =
619 4813 643 4864 p.
656 4799 683 4850 C.
696 4800 730 4850 66
