3525 5417
252 315 315 382 182
651 312 700 367 Dtt
719 311 945 368 ITERATIONE
965 312 1209 370 LEGATIONVM

251 493 373 556 minatio
402 503 480 556 reete
507 493 610 554 abesse
632 500 760 572 nequeat
788 511 884 572 neque
906 492 951 553 bis
978 493 1125 574 pluriesro
1147 497 1330 574 praefectura
1352 494 1449 574 aliqua
1471 497 1610 556 lunatum

250 601 461 679 praefecturam
485 595 571 656 lineat
592 594 687 656 dicere
709 595 839 657 iterasse.
884 597 1048 676 Adsumpta
1071 596 1316 659 determinatione
1337 600 1480 678 praefecti
1491 599 1612 678 fodrum

250 700 390 773 offioium,
413 699 578 779 siquidem
603 707 648 760 est
670 698 810 773 officium,
833 699 1020 762 iterationem
1043 719 1129 780 saepe
1151 700 1332 781 adscriptum
1360 701 1458 762 babet
1504 701 1612 762 Contra

250 803 347 866 estin
370 806 515 884 praelecto
530 801 660 863 oobortis
683 801 897 883 similibusque,
921 811 1012 864 utne
1034 803 1059 864 is
1081 803 1211 883 quidem,
1239 804 1292 884 qui
1318 805 1403 866 aliam
1430 813 1500 884 post
1525 804 1611 865 aliam

250 908 400 969 cohortem
429 906 517 981 rexit,
548 905 661 968 dicatur
687 908 852 987 praefectus
874 905 995 967 robertis
1017 907 1072 977 lis,
1095 906 1146 967 sed
1169 906 1334 968 cohortium
1358 906 1477 968 nomina
1499 908 1612 969 adseri-

250 1011 358 1072 bantur
379 1008 532 1070 iteratione
556 1028 616 1071 non
639 1009 759 1082 adiecta,
782 1008 840 1069 nisi
862 1009 941 1088 quod
964 1009 1167 1089 exceptionem
1190 1008 1259 1070 facit
1282 1008 1386 1070 titulus
1407 1009 1611 1070 Nomentanus

250 1113 353 1194 (Orell.
370 1111 460 1190 208):
479 1114 577 1192 prees.
595 1111 653 1173 eol.
670 1133 709 1171 nr
725 1115 947 1192 sagittariorum,
968 1114 1064 1191 praef.
1081 1094 1140 1173 rob.
1157 1116 1261 1173 iterum
1283 1130 1311 1170 rr
1327 1111 1473 1172 Asturum.
1489 1145 1530 1155 —
1546 1111 1612 1172 Non

251 1214 342 1294 magis
364 1215 447 1276 loeus
464 1223 509 1277 est
523 1215 671 1277 iterationi
687 1215 716 1276 in
732 1213 999 1297 procurationibus.
1015 1249 1057 1259 —
1072 1215 1106 1276 ln
1123 1213 1346 1276 oenturionibus
1361 1213 1527 1293 legionariis
1541 1232 1610 1276 oum

250 1336 281 1378 re
297 1317 412 1379 iteratio
427 1336 518 1398 paene
534 1319 662 1398 legitima
678 1319 775 1386 tuerit,
792 1317 855 1378 eius
867 1317 999 1378 numeris
1011 1336 1165 1398 expressae
1176 1335 1272 1396 neque
1283 1317 1319 1378 ad
1330 1315 1475 1396 legionem
1486 1318 1612 1379 eandem

249 1421 355 1482 relatae
370 1419 468 1500 (ouius
489 1421 620 1501 exempla
643 1422 714 1483 item
737 1440 801 1483 rara
824 1420 978 1500 composui
994 1421 1068 1501 pr.
1084 1421 1175 1501 epigr.
1191 1421 1211 1480 4
1230 1439 1259 1500 p.
1277 1419 1352 1498 236)
1375 1437 1469 1481 unum
1493 1429 1612 1482 tantum

249 1524 417 1603 exemplum
441 1523 514 1584 mibi
540 1531 657 1604 praesto
685 1531 731 1584 est
752 1523 797 1602 (C.
813 1523 849 1596 ll,
873 1521 970 1584 3733:
998 1529 1125 1586 comario
1146 1543 1174 1583 rr
1194 1524 1246 1604 lep.
1267 1545 1306 1584 nr
1324 1522 1492 1602 cornetum
1518 1533 1545 1584 et
1574 1543 1616 1582 en
1745 1517 1746 1550 ³

252 1625 338 1701 Clo).
361 1659 403 1670 -
425 1625 605 1688 Tribunatus
628 1625 762 1687 militaris
786 1635 819 1686 ut
841 1633 934 1687 aetate
956 1625 1063 1687 liberae
1084 1624 1275 1706 reipublicae
1290 1625 1475 1687 iterationem
1491 1623 1614 1686 sollem-

250 1727 327 1789 niter
360 1729 489 1790 admittit
520 1728 683 1807 legionibus
716 1729 827 1790 soilioet
859 1746 920 1790 non
955 1731 1130 1802 enuntiatis,
1164 1727 1205 1789 ita
1237 1728 1263 1788 is
1296 1747 1369 1789 usus
1401 1728 1490 1788 otiam
1517 1735 1614 1787 aetate

251 1830 438 1911 imperatoria
467 1829 650 1910 aliquatenus
685 1832 793 1894 mansit
826 1832 870 1912 (C.
887 1831 922 1904 Π,
939 1831 1034 1893 2029.
1056 1831 1106 1907 lll,
1122 1831 1194 1894 646.
1217 1831 1250 1905 V,
1266 1832 1316 1893 49.
1340 1830 1434 1893 5834.
1451 1829 1499 1903 tx,
1516 1829 1612 1890 3522.

251 1931 343 1995 5838.
361 1932 450 1995 Orell.
466 1932 558 1994 2254.
582 1933 688 2010 3964).
727 1935 784 1996 Sed
806 1936 892 2014 longe
914 1936 1098 2014 frequentius
1113 1935 1267 2014 'legionum
1292 1933 1411 1994 nomina
1433 1933 1613 2005 adiciuntur,
1745 1969 1746 2000 r

249 2035 329 2114 quod
356 2034 406 2096 ubi
434 2036 480 2108 fit,
509 2055 628 2116 perraro
654 2036 769 2099 iteratio
796 2037 977 2116 significatur
1010 2035 1412 2115 (u.111‚2078.x‚8241;
1444 2037 1474 2096 in
1507 2036 1613 2096 eadem
1745 2127 1746 2130 Ἴ

249 2136 362 2216 legione
385 2136 416 2198 G.
432 2138 464 2212 V,
488 2136 594 2200 5267?
623 2141 672 2214 lX,
696 2141 802 2221 5838).
1745 2145 1746 2178 t
