3525 5417
424 1503 645 1586 GRAECI
680 1503 935 1586 HOMINIS
968 1503 1473 1588 ADDITAMENTVM.

373 1813 511 1892 Sequitur
533 1813 661 1874 clausula
683 1832 744 1873 nou
766 1816 895 1893 prolecta
918 1814 954 1875 ab
969 1814 1101 1894 Augusto
1118 1815 1192 1874 male
1209 1813 1316 1894 scripta
1333 1823 1390 1876 tani
1408 1815 1510 1876 Latine
1532 1837 1623 1896 quam

272 1918 380 1979 Graece
405 1929 435 1978 et
456 1925 629 1996 argumento
652 1916 747 1991 exilis,
776 1935 844 1978 narn
867 1937 903 1978 ex
925 1919 1012 1979 rebus
1035 1917 1123 1996 gestis
1146 1917 1219 1978 tanti
1241 1918 1295 1978 viri
1317 1937 1376 1979 non
1399 1921 1626 1998 comprehendit
1668 1911 1676 1928 '

270 2021 327 2082 nisi
358 2023 395 2083 de
422 2041 476 2082 suo
503 2040 577 2100 quae
603 2019 729 2100 erogarit
753 2020 787 2081 in
814 2021 944 2083 aedilicia
972 2022 1057 2083 ludos
1083 2021 1270 2094 donationes,
1304 2029 1453 2100 tamquam
1484 2023 1626 2084 duumvir

269 2123 399 2205 oppiduli
427 2123 549 2185 alicuius
576 2125 725 2202 Augustus
747 2124 865 2196 luisset,
895 2144 955 2188 nou
983 2125 1142 2205 imperator
1163 2125 1264 2205 populi
1286 2124 1420 2187 Romani.
1465 2129 1559 2200 Quam
1583 2129 1623 2188 uh

269 2246 333 2288 rem
365 2227 417 2307 qui
449 2228 638 2308 appendicem
671 2228 747 2289 hanc
779 2229 814 2288 ad
845 2228 993 2290 Tiberium
1022 2232 1167 2300 referunt,
1201 2229 1314 2308 egregie
1345 2229 1500 2302 falluntur;
1529 2231 1624 2292 immo

270 2331 371 2391 Graeci
393 2331 520 2392 hominis
542 2349 606 2392 esse
628 2329 757 2392 ostendit
780 2330 906 2391 maxime
928 2329 1087 2392 denariaria
1111 2330 1185 2391 ratio
1207 2331 1295 2393 etiam
1312 2333 1342 2393 iu
1357 2332 1469 2394 Latinis
1484 2334 1623 2406 admissa,

269 2452 338 2494 oum
360 2433 391 2493 in
413 2433 573 2494 maioribus
596 2430 721 2493 summis
743 2432 824 2512 (nam
845 2434 875 2493 in
899 2433 1062 2495 minoribus
1084 2433 1171 2494 etiam
1194 2434 1344 2514 Augustus
1367 2437 1503 2498 denarios
1524 2439 1626 2518 posuit

270 2536 298 2608 3,
323 2536 371 2596 16.
395 2534 449 2615 20)
472 2533 679 2596 sestertiariam
702 2537 831 2616 requirat
850 2536 982 2598 Romana
1004 2537 1185 2598 consuetudo
1208 2537 1244 2598 ab
1266 2537 1329 2619 ipso
1352 2539 1483 2620 Augusto
1506 2559 1625 2621 semper

269 2638 430 2701 observata.
468 2637 619 2699 Praeterea
641 2656 739 2699 sermo
755 2659 814 2700 non
829 2640 925 2702 solum
942 2641 1035 2702 multo
1058 2640 1156 2701 minus
1179 2641 1294 2719 elegans
1317 2652 1361 2704 est
1382 2653 1412 2704 ot
1427 2643 1527 2704 minus
1542 2643 1624 2704 Lati-

270 2761 326 2802 nus
348 2761 437 2821 qnam
459 2740 552 2821 ipsius
574 2740 786 2814 commentarii,
810 2741 913 2802 uthis
935 2751 1006 2803 sunt
1027 2745 1182 2821 spectaculo
1204 2745 1233 2818 6,
1257 2745 1297 2806 39
1319 2765 1372 2826 pro
1395 2746 1471 2808 ludis
1495 2757 1524 2808 et
1545 2767 1624 2808 nurt-

268 2845 380 2906 madia
408 2845 437 2918 6,
454 2845 493 2905 40
521 2862 575 2925 pro
604 2863 639 2904 eo
667 2845 744 2923 quod
767 2845 917 2924 Augustus
940 2846 1012 2907 dixit
1034 2847 1062 2920 4,
1085 2847 1124 2907 43
1146 2847 1259 2932 novalis
1277 2849 1371 2928 proeli
1389 2850 1623 2930 spectaculum¹)‚

270 2948 394 3027 denique
424 2947 454 3008 in
482 2949 645 3020 summitti,
668 2948 709 3008 29
737 2968 810 3028 apex
832 2967 985 3029 perperam
1007 2950 1138 3030 positus;
1167 2950 1326 3012 sedetiam
1350 2951 1526 3030 quibusdam
1550 2952 1624 3014 locis

269 3050 331 3112 hiat
352 3060 383 3112 et
404 3050 451 3111 rix
474 3051 544 3112 satis
566 3051 753 3130 intellegitur.
790 3051 921 3131 lienique
944 3071 1011 3113 oum
1035 3073 1110 3133 quae
1132 3053 1162 3114 in
1185 3053 1345 3135 appendice
1367 3055 1507 3132 leguntur
1527 3057 1625 3135 plera-

269 3173 325 3234 que
346 3153 378 3215 iu
399 3154 463 3234 ipso
486 3154 696 3215 commentario
719 3155 840 3216 redeant
860 3156 1025 3217 accuratius
1047 3156 1219 3237 pleniusque
1235 3157 1320 3236 longe
1334 3159 1504 3239 perscripta,
1529 3179 1624 3220 ununx

268 3259 346 3338 quod
379 3257 410 3318 in
443 3277 475 3320 ea
502 3261 629 3319 refertur
654 3258 691 3319 ab
719 3258 852 3337 Augusto
881 3259 1139 3339 praetermissum,
1166 3280 1272 3341 nempe
1300 3261 1381 3322 locus
1409 3262 1444 3322 de
1471 3262 1556 3323 donis
1584 3263 1624 3324 ab

268 3362 400 3441 Augusto
423 3361 496 3424 datis
519 3362 685 3424 civitatibus
707 3362 896 3443 privatisque,
917 3381 1095 3441 quamquam
1118 3364 1206 3424 etiam
1221 3363 1319 3425 ltaliae
1342 3373 1570 3445 senatorumque
1590 3367 1624 3427 in

269 3484 303 3525 eo
331 3465 441 3526 mentio
463 3467 509 3540 lit,
539 3465 743 3545 provincialem
773 3473 922 3527 auctorem
946 3485 980 3526 eo
1003 3467 1115 3547 prodit,
1142 3467 1220 3547 quod
1242 3467 1427 3529 liberalitates
1450 3469 1568 3531 collatae
1589 3469 1623 3530 in

269 3568 375 3649 oppida
396 3569 611 3649 provinciarum
639 3579 732 3630 terrae
762 3578 844 3630 motu
871 3569 998 3648 collapsa
1027 3568 1134 3630 diserte
1156 3569 1196 3630 ibi
1218 3569 1419 3632 enuntiantur.
1464 3572 1549 3644 Quod
1570 3573 1624 3652 qui

268 3689 377 3752 ponere
404 3672 505 3745 vellet,
537 3691 605 3733 euni
634 3691 670 3733 ne
697 3671 746 3732 illa
775 3671 893 3749 quidem
916 3679 995 3733 recte
1017 3672 1175 3753 praeterire
1196 3673 1328 3753 potuisse
1349 3686 1477 3755 apparet
1521 3675 1624 3755 ltaque

268 3775 341 3836 haec
362 3775 485 3837 veniunt
506 3784 557 3837 aut
578 3775 614 3835 ab
636 3775 805 3856 interprete,
827 3774 876 3835 cui
898 3774 1009 3854 legatus
1030 3773 1194 3855 provinciae
1208 3777 1334 3838 Galatiae
1349 3778 1498 3858 exemplar
1521 3779 1625 3840 Latine

269 3879 441 3940 vertendum
469 3877 600 3951 tradidit,
632 3888 666 3940 ut
691 3876 817 3939 indicem
845 3896 946 3938 rerum
974 3887 1121 3957 gestarum
1152 3879 1210 3938 diri
1231 3879 1354 3958 Augusti
1377 3890 1500 3960 utraque
1523 3880 1624 3960 lingua

269 3980 384 4061 publico
406 3981 629 4059 proponendum
651 4000 718 4041 cum
742 3980 908 4042 civitatibus
930 3982 1094 4061 provinciae
1117 4001 1188 4044 suae
1210 3983 1450 4058 communicaret,
1477 3997 1528 4046 aut
1549 3985 1624 4046 adeo

269 4084 379 4146 adiecta
406 4093 513 4144 sunta
537 4084 753 4163 magistratibus
775 4085 944 4164 Ancyrauis.
967 4086 1120 4147 —Nobis
1143 4085 1287 4166 appendix
1308 4106 1345 4147 ne
1368 4106 1402 4148 eo
1425 4087 1543 4166 quidem
1565 4106 1625 4147 no-

269 4187 349 4247 mine
371 4187 499 4266 prodest,
522 4189 600 4266 quod
623 4187 719 4250 hiatus
742 4187 945 4250 commentarii
968 4189 1079 4269 explct;
1102 4209 1170 4250 nam
1190 4208 1265 4268 quae
1281 4189 1328 4250 hic
1342 4189 1488 4269 leguntur,
1512 4190 1624 4271 inipso

269 4290 367 4350 onmia
389 4289 459 4350 item
483 4301 652 4370 supersunt.

368 4529 388 4592 1)
407 4529 513 4580 Addidit
530 4529 654 4593 Borglxius
673 4545 696 4594 p.
715 4529 730 4578 9
749 4531 878 4581 theatrum
898 4533 1005 4600 Pompei
1022 4533 1047 4598 6,
1060 4533 1102 4598 37,
1121 4549 1175 4584 cum
1194 4535 1344 4602 Porrrpeium
1362 4533 1397 4583 sit
1414 4534 1440 4596 4,
1454 4535 1477 4584 9.
