3525 5417
249 211 269 274 6
851 204 875 270 1,
897 205 1001 262 itt-15

283 408 330 450 cu.
348 389 375 463 1,
392 407 417 450 ω
432 405 459 450 ro
487 379 667 468 [Πολέμοος
690 383 746 447 καὶ
767 383 851 447 κατὰ
871 384 942 468 γῆν]
965 381 1021 446 καὶ
1042 382 1125 448 κατὰ
1139 380 1319 448 θάλασσαν
1333 382 1537 472 trepontium,-
1552 382 1608 448 καὶ

437 511 462 554 ar
491 486 716 568 ἐξωτικούς]ἐν
728 483 786 571 ὅλῃ
798 486 838 577 τῇ
849 488 1025 572 οἰκουμένῃ
1039 486 1202 568 missteris
1214 483 1426 573 ἀνεδεξάμην,
1443 483 1609 572 νεικῙήοος

436 611 464 656 22
490 617 525 655 τε
541 589 673 656 πάντων
684 589 886 677 ἐφεισάμηνΙ
901 592 975 671 [τῶν
990 589 1171 676 περιόντων
1182 589 1356 657 nolensis.
1378 592 1431 670 clei
1445 590 1542 674 ἔθνη,
1558 577 1609 665 οἷς

437 717 464 760 rs
492 692 639 780 ἀσφαλὲς
660 691 700 780 ἦν
722 690 934 778 σννΙωνώμον
953 692 1052 774 ἔχειν,
1078 692 1187 758 ἔσωσα
1202 693 1357 779 μ]οἷλ[λον]
1377 694 1397 779 ἢ
1419 694 1609 779 &exequat

249 805 313 866 Lat.
332 803 370 864 13
393 821 460 864 cum
483 800 660 881 exemplaris
681 799 736 861 aba
758 799 795 861 ad
816 817 900 862 οτοεο
930 799 1087 873 ducerent,
1114 799 1169 862 aha
1191 801 1227 862 ed
1250 801 1333 874 tetta,
1356 818 1488 862 marmor
1509 799 1612 862 docuit

251 909 308 970 hoc
330 925 432 968 verum
456 924 530 966 esse.
552 939 595 948 —-
618 903 710 966 Terre
731 915 759 966 et
779 908 858 966 morn'
870 903 942 965 item
958 904 1054 966 solum
1070 903 1199 984 vestigiis
1215 905 1303 967 certis
1318 915 1419 987 aptum
1435 913 1491 978 est,
1512 921 1611 984 neque

249 1012 285 1073 de
307 1021 386 1072 terro
406 1011 535 1089 morique
556 1006 677 1086 cogitari
705 1007 792 1069 debet
818 1025 914 1087 neque
941 1006 1057 1069 admitti
1079 1025 1148 1070 cum
1177 1007 1318 1070 Cossonio
1347 1020 1443 1072 terroe
1469 1011 1610 1088 mamque,

249 1113 327 1195 quod
354 1120 503 1193 praeterea
530 1119 631 1172 contra
658 1111 736 1190 leges
763 1109 910 1173 sermonis
937 1120 1047 1191 peccat.
1070 1147 1111 1155 —
1133 1111 1244 1173 Deinde
1264 1113 1393 1193 doscepr]
1419 1112 1487 1173 dedi
1513 1109 1611 1193 spatio

250 1226 362 1300 aptum,
374 1216 534 1276 obsecutus
546 1213 741 1276 hirschfeldio
756 1232 785 1295 p.
796 1214 874 1289 254;
890 1215 1030 1294 dratinus]
1045 1234 1098 1295 ego
1114 1224 1208 1289 autea,
1224 1217 1339 1295 dedum]
1348 1215 1501 1295 berghius.
1514 1251 1556 1260 -
1569 1215 1612 1276 14

251 1324 328 1384 iuter
354 1320 486 1381 omnibus
507 1326 537 1378 et
559 1316 664 1378 civibus
686 1317 758 1396 quid
779 1319 870 1379 fuerit
897 1317 1056 1397 quaeritur.
1099 1318 1232 1381 Pertinet
1260 1319 1320 1380 huc
1345 1318 1518 1400 praesertim
1542 1317 1613 1379 Vel-

215 1413 218 1418 *
250 1426 324 1487 leius
346 1422 447 1494 286:
470 1423 591 1482 victorio
612 1419 755 1500 (Actiaca)
776 1422 835 1500 suit
856 1419 1140 1484 clementissimorum
1169 1425 1317 1503 quisquam
1341 1426 1528 1503 interemptus
1555 1433 1611 1494 est3

250 1502 415 1610 pouossimi
432 1524 532 1602 [eiecta]
552 1533 578 1585 et
599 1523 630 1584 to·
648 1527 698 1603 qm·
719 1524 867 1604 deprecorr‘
887 1524 999 1602 quidem
1017 1543 1073 1605 pro
1094 1544 1123 1587 se
1143 1543 1204 1588 oon
1225 1528 1405 1598 codnmeot
1432 1544 1507 1604 quae
1529 1533 1612 1586 recte

252 1633 295 1694 sic
317 1629 432 1690 videtur
453 1625 642 1688 constituisse
657 1626 850 1708 Kreyssigius,
872 1645 941 1690 cum
964 1647 981 1690 a
1003 1629 1102 1692 codice
1123 1628 1200 1691 absit
1222 1628 1395 1691 vocabulum
1412 1633 1497 1692 eiecti.
1534 1629 1611 1692 Nam

253 1736 289 1797 de
311 1729 432 1794 victoria
454 1730 568 1791 Actiaca
591 1738 669 1791 certe
691 1730 737 1791 vel
759 1730 886 1792 maxime
908 1732 1050 1795 hocloco
1072 1731 1209 1812 cogitavit
1229 1731 1389 1812 Augustus,
1416 1750 1472 1793 oec
1495 1732 1613 1794 tamin

252 1839 309 1900 hoc
340 1836 404 1896 loco
437 1832 608 1913 explicando
634 1833 836 1913 quaerendum
868 1843 923 1909 est,
954 1835 1024 1915 quid
1057 1836 1158 1898 iecerit
1182 1834 1333 1914 Augustus
1362 1835 1464 1916 (quem
1499 1837 1613 1898 multos

252 1940 393 2003 occidisse
415 1945 531 1998 constat
552 1955 611 1998 uon
635 1938 731 1999 solum
748 1945 816 2017 post
830 1955 958 2018 pugnam
974 1937 1203 2019 Philippensem,
1226 1958 1253 2000 u.
1268 1938 1474 2000 Drumennum
1492 1941 1521 2012 1,
1537 1938 1612 2011 386,

252 2044 302 2105 sed
326 2041 415 2104 etiam
437 2048 505 2120 post
526 2040 684 2114 Actiacam,
707 2038 871 2101 ebionem
897 2041 983 2114 51,2
1006 2050 1036 2103 et
1056 2041 1261 2104 brumannum
1284 2044 1311 2117 1,
1329 2042 1405 2120 485)
1426 2061 1515 2122 quam
1538 2042 1613 2122 quid

252 2149 289 2209 de
311 2165 343 2207 se
365 2143 512 2225 perhiberi
533 2143 666 2205 voluerit.
704 2142 750 2206 Oh
773 2143 895 2205 eandem
918 2143 1088 2206 clementiae
1111 2145 1239 2225 speciem
1255 2153 1360 2225 quarto
1374 2154 1442 2226 post
1456 2146 1613 2208 victoriam

252 2249 399 2312 Actiacam
427 2267 505 2309 anuo
533 2267 562 2309 u.
583 2266 609 2309 c.
631 2247 691 2308 727
718 2247 853 2326 Augusto
879 2265 986 2310 corone
1014 2266 1125 2328 querna
1152 2248 1242 2311 civica
1275 2249 1390 2311 decreta
1420 2258 1467 2310 est
1501 2248 1614 2312 ciuibus

252 2356 396 2425 carcereis,
420 2360 453 2412 ut
473 2351 557 2411 aium
579 2349 695 2412 nummi
710 2351 788 2431 (vide
802 2351 879 2413 intra
895 2352 924 2426 6,
943 2354 981 2413 14
996 2351 1095 2432 ibique
1111 2352 1272 2432 adnotata).
1308 2351 1440 2433 Denique
1454 2371 1524 2415 cum
1542 2372 1613 2414 mox

252 2458 404 2536 Augustus
426 2453 535 2516 scribat
556 2473 617 2515 non
639 2455 777 2516 omnibus
800 2463 987 2516 externarum
1004 2455 1135 2534 gentium
1152 2456 1273 2537 captivis
1294 2475 1325 2517 se
1340 2455 1516 2538 pepercisse,
1539 2456 1613 2536 quid

252 2570 344 2624 restat
364 2559 422 2621 nisi
444 2559 480 2620 de
501 2556 613 2618 civibus
635 2557 797 2637 pleniorem
824 2558 1072 2620 adseverationem
1103 2567 1137 2620 ut
1163 2555 1361 2641 recipiamus?
1406 2559 1507 2639 itaque
1528 2560 1613 2621 nullo

198 2711 202 2718 -
254 2665 343 2729 modo
365 2662 435 2724 ferri
456 2667 554 2742 potest
575 2660 654 2739 quod
676 2662 830 2742 proposuit
845 2661 1014 2724 Chishullus
1036 2681 1164 2743 eumque
1186 2669 1305 2724 secutus
1323 2662 1478 2743 Zumptius
1500 2662 1613 2744 supple·-

158 2781 161 2786 ’
253 2771 329 2832 obus
344 2767 504 2845 eademque
519 2763 664 2825 sententia
679 2764 894 2844 deprecantibus
908 2764 1060 2844 Bergkius,
1083 2770 1194 2828 versiam
1207 2766 1364 2846 petentibus
1380 2763 1611 2838 ilirschieldius3

252 2873 293 2934 ita
314 2870 392 2932 enim
414 2868 565 2948 Augustus
587 2866 643 2927 hoc
665 2866 736 2928 dicit
756 2867 938 2930 interfecisse
961 2887 992 2930 se
1015 2867 1195 2949 quicumque
1216 2887 1252 2929 ex
1267 2867 1389 2929 devictis
1405 2876 1534 2928 mortem
1551 2885 1612 2929 non

253 2972 400 3056 deprecati
432 2971 500 3032 siut
545 2970 643 3050 Longe
676 2969 785 3033 rectius
817 2959 950 3052 procedit
981 2972 1060 3050 quod
1088 2971 1252 3035 Gronovius
1285 2971 1385 3052 posuit
1413 2973 1612 3052 superstitibus

253 3077 298 3138 vel
325 3076 412 3138 etiam
440 3075 699 3155 supervivereta'bus3
728 3091 796 3135 nem
831 3073 958 3155 spatium
992 3094 1082 3156 capax
1115 3083 1161 3137 est
1193 3075 1357 3137 litterarum
1390 3093 1451 3136 τοι.
1509 3073 1612 3154 Neque

254 3179 449 3244 concedemus
471 3178 594 3257 berghio
622 3177 841 3240 Gronovianum
865 3179 1104 3260 supplementum
1133 3197 1256 3259 prorsus
1285 3177 1414 3240 otiosum
1442 3195 1522 3250 esse,
1550 3177 1612 3238 nic-

255 3295 348 3347 torem
379 3282 456 3343 euim
484 3281 516 3342 in
543 3290 677 3342 mortuos
703 3280 780 3343 cives
807 3283 984 3343 saevientem
1012 3281 1082 3343 terri
1107 3300 1168 3343 non
1197 3301 1298 3362 posse3
1327 3281 1411 3361 quasi
1438 3282 1495 3342 hoc
1517 3281 1611 3360 signi-

254 3387 348 3450 ficarit
368 3385 526 3465 Augustus,
541 3403 573 3446 se
588 3403 740 3446 caesorum
756 3384 944 3446 cadaveribus
959 3384 1146 3460 abstinuisse,
1169 3403 1228 3447 non
1243 3384 1383 3447 omnihus
1398 3403 1430 3446 se
1444 3385 1612 3465 pepercisse

255 3491 363 3573 quibus
386 3498 420 3551 ut
440 3507 558 3570 parcere
579 3496 681 3568 posset
709 3487 853 3549 bellorum
881 3487 959 3549 sices
985 3488 1198 3569 permisissent.
1243 3487 1362 3550 Certum
1391 3497 1490 3550 umen
1516 3506 1554 3548 ne
1581 3486 1612 3548 id

255 3596 373 3677 quidem
408 3591 647 3672 supplementum
681 3589 838 3652 dicendum
871 3599 931 3664 est,
971 3609 1039 3652 cum
1073 3591 1245 3672 praesertim
1260 3654 1263 3662 ,
1278 3599 1400 3672 propter
1431 3591 1524 3671 spatia
1556 3609 1613 3652 nec

255 3698 358 3760 Latina
385 3715 439 3757 uec
467 3696 573 3756 Graeca
601 3695 685 3776 plane
713 3693 900 3756 satisfaciant.
927 3727 968 3738 —
998 3696 1037 3756 14
1059 3696 1110 3757 fin.
1138 3695 1236 3757 hiatus
1265 3694 1342 3776 capit
1369 3695 1480 3756 litteras
1508 3711 1533 3756 c.
1555 3713 1612 3769 τως

257 3803 308 3864 sed
341 3799 371 3861 in
409 3817 496 3860 versu
534 3807 666 3860 extremo
705 3796 831 3878 spatium
871 3805 970 3877 potest
1007 3816 1131 3860 vacuum
1171 3797 1324 3860 mansisse.
1359 3834 1401 3842 -
1436 3791 1474 3859 15
1506 3801 1616 3879 iqrrosor‘

254 3907 347 3986 potuit
368 3902 487 3984 scripsi3
512 3905 620 3982 iquosrr'
644 3903 721 3964 licuit
749 3900 906 3979 Berglrius,
932 3919 1052 3980 parcere
1076 3905 1158 3981 potui
1176 3913 1230 3982 ego
1259 3911 1352 3963 antea.
1374 3936 1417 3947 -
1438 3902 1469 3962 hr
1493 3902 1612 3963 Graecis

255 4028 283 4068 v.
306 4007 347 4068 20
377 4002 550 4078 ἐξωτικούς
579 4004 689 4084 Bergk,
722 3998 879 4076 ὀθνείους
913 4003 1073 4066 Kirchhoii.
1101 4040 1142 4050 —
1172 4006 1212 4069 19
1239 4007 1289 4067 fin.
1311 4005 1352 4068 20
1379 4005 1419 4066 in.
1450 4000 1611 4082 πολμούςΙ

255 4112 313 4173 iam
337 4109 440 4190 scripsi
462 4127 530 4170 cum
554 4108 685 4188 berghio,
708 4125 886 4188 quamquam
910 4106 1007 4170 obstat
1034 4109 1113 4188 quod
1143 4108 1237 4171 simile
1264 4109 1438 4171 uocabulum
1461 4127 1477 4168 a
1500 4105 1610 4170 Latinis

256 4214 352 4288 ebest3
373 4211 528 4294 πολέμων
550 4222 634 4274 antea
656 4230 812 4293 posueram
836 4211 933 4273 hiatus
954 4211 1051 4290 aliquo
1068 4211 1155 4274 modo
1171 4213 1305 4296 explendi
1320 4229 1417 4273 cause.
1433 4245 1474 4256 —
1490 4209 1531 4270 22
1547 4211 1611 4272 τῶν

257 4313 440 4400 περιόντων
471 4313 635 4378 πολειτῶν
667 4315 767 4377 Kaibel
799 4314 955 4397 proposuit
987 4315 1031 4377 vel
1064 4315 1167 4391 etiam,
1208 4336 1276 4379 cum
1309 4315 1338 4376 id
1376 4316 1610 4396 supplementem

257 4422 383 4503 spatium
408 4419 504 4501 paullo
526 4421 645 4481 excedat
667 4418 820 4498 (deficiunt
841 4417 920 4480 enim
943 4438 969 4479 u.
986 4419 1027 4479 22
1049 4419 1146 4500 priore
1168 4419 1281 4481 htterae
1303 4417 1491 4498 c.x1x)coiv
1514 4437 1610 4499 περι-

256 4523 465 4606 λειφθέντων
486 4523 597 4585 omisso
619 4522 724 4584 ciuibus
738 4521 894 4596 vocabulo;
919 4517 1046 4594 ζώντων
1061 4522 1268 4585 Kirchhoffius.
1284 4557 1326 4568 -—
1340 4521 1452 4583 Deinde
1467 4519 1609 4602 scriptum

256 4627 348 4689 tuisse
370 4625 411 4690 τὰ
432 4622 529 4708 ἔθνη,
552 4644 613 4687 non
634 4625 675 4687 τὰ
697 4623 726 4688 δ’
749 4623 832 4708 ἔθνη
854 4625 929 4707 lapis
952 4625 1060 4689 docuit.
