3525 5417
704 333 738 402 V,
758 335 864 391 40-43
1399 339 1461 402 125

126 523 188 600 Aug.
203 518 255 580 21:
278 517 377 580 Partiri
396 552 438 562 -
459 522 541 597 sigua
562 515 703 578 militaria
724 534 795 595 qum
810 513 848 575 111.
867 513 970 577 Crasso
992 525 1018 576 ct
1032 513 1070 575 M.
1088 511 1208 578 turmo
1229 513 1394 576 ademerant
1414 532 1463 576 re-

123 627 236 708 poumtr'
257 621 446 684 reddiderunt
471 621 633 701 obsidesque
657 622 774 699 insuper
801 618 971 680 obtulerunt.
1016 617 1133 692 114112,
1153 617 1209 678 91:
1245 617 1280 678 ob
1302 635 1366 697 rege
1388 617 1463 680 Par-

126 729 227 791 tborum
246 724 496 806 4944144444,
518 743 591 805 quoae
615 722 720 784 Crasso
742 739 872 801 oppresm
896 721 1018 795 Orodes,
1048 741 1119 802 quae
1142 721 1261 782 Antonio
1280 720 1363 802 pulso
1385 720 1464 800 filius

126 836 178 892 eius
197 829 348 891 lbrobotes
369 838 516 908 ceperant,
539 826 663 906 dumata
686 829 804 886 remusa
825 835 900 886 sunt
944 823 988 885 td
1015 825 1113 886 locum
1137 823 1253 904 Vergilii
1274 823 1411 885 Aeneidis
1434 826 1463 898 7,

125 935 191 996 665;
212 951 261 993 seu
275 931 404 1012 (parant)
419 932 533 993 tendere
554 931 593 992 od
607 927 694 991 indos
708 928 905 1009 Auroramque
927 932 1007 1009 sequi
1019 928 1188 1008 Parthosque
1210 944 1354 1008 reposcere
1373 930 1462 1007 agno,

125 1037 256 1117 seriptum
284 1034 405 1096 omnino
432 1043 499 1095 ante
521 1033 604 1112 signa
625 1040 741 1112 recepta
764 1040 828 1094 tum
852 1049 920 1093 cum
949 1031 984 1093 ad
1007 1029 1173 1110 recipienda
1196 1029 1244 1090 1114
1266 1029 1411 1110 expeditio
1432 1031 1462 1091 in

125 1140 263 1202 Orientem
294 1137 389 1218 parari
416 1136 575 1218 putabatur
595 1137 644 1210 (41.
660 1133 799 1195 Horatius
823 1151 913 1195 carm.
931 1135 959 1206 1,
976 1133 1024 1208 12,
1041 1133 1091 1196 56.
1107 1133 1137 1208 3,
1153 1135 1182 1207 5,
1198 1134 1230 1208 4)
1261 1133 1464 1195 commentarii

124 1244 295 1305 veronenses
318 1242 474 1303 adnotant:
497 1258 568 1322 quoe
589 1237 696 1299 Licinio
721 1236 825 1298 Crasso
845 1237 994 1316 interfecto
1020 1242 1227 1318 interceperant
1248 1236 1364 1314 Portbi3
1396 1237 1464 1300 baec

123 1349 232 1428 [ruunt]
253 1345 402 1427 Augustus.
458 1343 552 1406 Huim
576 1343 650 1423 sacti
669 1341 755 1402 Nicoe
777 1339 833 1420 (sic
855 1339 942 1420 liber)
962 1349 1215 1422 repraesentantur
1240 1344 1271 1401 in
1303 1359 1388 1416 arcu,
1417 1345 1467 1421 qni

123 1463 159 1515 est
176 1456 259 1513 sunta
279 1450 378 1512 oedem
399 1450 458 1511 dati
478 1447 555 1509 iulii.
590 1447 698 1506 orcum
722 1463 789 1505 eum
813 1463 882 1505 cum
905 1443 1052 1524 quadrigis
1075 1444 1268 1525 superpositis
1294 1452 1465 1525 proponunt

122 1554 229 1616 nummi
262 1553 336 1627 duo,
375 1551 449 1613 alter
482 1568 551 1613 eum
582 1558 806 1629 repraesentans
840 1566 909 1609 oum
942 1547 1132 1628 inscriptione
1169 1547 1200 1608 in
1233 1546 1365 1628 epistyho
1397 1551 1463 1628 imp.

122 1679 153 1718 ra
165 1668 199 1718 tr.
209 1676 257 1738 po.
277 1656 363 1737 r(=
372 1674 399 1718 a.
412 1653 529 1730 73516),
544 1653 621 1714 intra
637 1669 738 1713 arcum
752 1671 775 1712 s.
787 1670 813 1731 p.
827 1671 853 1732 q.
864 1669 889 1712 r.
913 1651 1096 1732 (veieqar.)
1111 1655 1198 1732 signis
1211 1655 1330 1731 receptis
1346 1650 1465 1726 (thhel

122 1759 240 1832 6,166;
268 1758 370 1820 Cohen
390 1759 464 1838 hug.
478 1775 509 1818 n.
525 1756 610 1835 298),
632 1755 705 1816 alter
733 1772 802 1816 eum
829 1755 987 1817 ostendens
1010 1774 1078 1817 oum
1103 1753 1251 1834 quadrigis
1273 1773 1361 1835 supra
1386 1773 1464 1829 eum,

122 1861 298 1924 adstantibus
320 1861 469 1940 utrimque
483 1858 601 1922 Parthis
616 1858 730 1920 duobus
744 1858 826 1938 signa
841 1858 1033 1933 tradentibus,
1056 1857 1203 1938 adscripto
1225 1877 1246 1920 s.
1259 1877 1290 1937 p.
1306 1879 1332 1940 q.
1346 1857 1382 1920 11.
1397 1862 1465 1940 imp.

124 1965 237 2028 Comari
248 1967 318 2047 Aug.
334 1983 389 2028 cos.
405 1984 442 2026 ιι
453 1974 489 2025 tr.
501 1974 561 2044 pot.
583 1983 612 2022 rr
623 1965 677 2040 (ε
688 1981 714 2023 4.
727 1960 834 2042 73617)
849 1960 875 2042 )(
891 1964 970 2024 cimb.
986 1972 1012 2024 et
1026 1967 1097 2043 siqn.
1113 1961 1194 2024 milit.
1210 1981 1229 2023 a
1244 1960 1321 2024 Part.
1336 1981 1464 2044 occuper.

123 2069 227 2144 (Cohen
242 2071 315 2149 hug.
331 2087 360 2130 n.
377 2066 526 2146 82-85).
557 2067 709 2128 Praeterea
724 2067 760 2126 ci.
777 2064 830 2127 Ilio
846 2065 896 2139 53,
913 2065 963 2127 33.
980 2067 1030 2139 54,
1046 2065 1083 2140 8;
1106 2065 1269 2128 Cassiodor.
1284 2067 1330 2128 ad.
1346 2086 1371 2128 a.
1388 2066 1467 2143 734;

121 2173 246 2247 Oresti,
263 2171 313 2246 21,
329 2171 386 2246 29;
408 2170 556 2246 1141442,
573 2170 630 2245 34;
651 2169 811 2250 Eutropius
828 2170 856 2241 7,
874 2169 903 2243 9,
926 2170 977 2249 qui
998 2187 1101 2231 omnes
1117 2187 1176 2231 nou
1193 2169 1393 2232 meminerunt
1407 2170 1466 2233 nisi

120 2277 337 2339 maranorum
360 2275 521 2355 signorum.
560 2273 657 2336 Crassi
678 2273 774 2336 clades
795 2292 822 2333 a.
839 2292 867 2335 u.
885 2291 910 2333 c.
927 2273 985 2334 701
1010 2272 1163 2335 notissima
1186 2282 1231 2336 est
1253 2281 1407 2359 egeralque
1429 2275 1466 2336 de

120 2380 206 2459 signis
220 2379 392 2459 civibusque
407 2387 471 2441 tum
487 2377 579 2459 captis
593 2376 784 2439 restituendis
798 2375 857 2438 1441
873 2372 1081 2439 4441Ῥ1144414
1092 2378 1237 2440 Antonius
1253 2377 1319 2458 (Ilia
1334 2379 1385 2453 49,
1401 2378 1464 2456 24).

120 2483 236 2545 Antonii
257 2492 367 2556 441441,
389 2501 458 2546 aum
480 2481 571 2544 trium
595 2482 776 2543 exercituum
791 2478 993 2542 Romanorum
1010 2480 1092 2560 signa
1106 2481 1256 2561 Augustus
1271 2491 1369 2563 ponat,
1392 2481 1465 2544 duos

120 2588 262 2650 exercitus
283 2587 430 2649 aParthis
453 2585 545 2647 victos
567 2603 631 2647 esse
654 2583 807 2664 significat.
842 2582 984 2645 Similiter
998 2583 1136 2646 Horatius
1159 2584 1201 2647 sic
1222 2584 1264 2647 ait
1284 2584 1315 2646 in
1338 2585 1465 2646 carmine

119 2691 158 2770 (3,
174 2692 206 2766 6)
231 2690 341 2772 scripto
363 2710 389 2752 a.
406 2689 467 2752 726
491 2689 568 2768 (ride
590 2707 679 2768 supra
700 2688 737 2749 ad
760 2688 789 2759 4,
815 2687 883 2769 17);
905 2691 965 2749 iam
987 2689 1027 2750 bis
1041 2687 1186 2751 Monaeses
1207 2699 1234 2750 et
1247 2689 1351 2752 Pacori
1362 2708 1467 2752 omnus

119 2813 173 2856 mu
199 2799 361 2875 auspicatos
388 2794 514 2857 contudit
540 2797 660 2874 turpatus
685 2801 796 2853 nosnos
822 2800 848 2852 et
874 2791 1007 2854 adiecisse
1028 2776 1168 2873 praedam
1190 2793 1335 2873 torquibus
1357 2798 1467 2874 calquis
1567 2871 1570 2876 Ι

117 2900 232 2971 renidet,
254 2899 290 2960 ad
311 2916 400 2978 quem
422 2898 518 2959 locum
542 2897 615 2958 haec
628 2894 806 2976 Porphyrio:
830 2896 872 2958 bis
886 2893 1006 2958 Partbos
1022 2895 1162 2958 rettulisse
1178 2897 1211 2958 de
1224 2897 1305 2959 nobis
1319 2900 1467 2960 uictom'am

117 3001 201 3076 dicit,
230 3006 298 3083 mio
324 3012 350 3062 et
374 3000 509 3064 Crassum
536 3011 621 3062 antea
645 3010 672 3062 et
697 3008 758 3060 tum
779 2997 926 3062 Decidium
947 2997 1060 3061 Sonam
1087 2999 1226 3080 insyria
1253 3004 1330 3077 (cum
1357 3000 1468 3064 metum

117 3124 218 3168 mom
241 3109 274 3167 in
295 3109 361 3167 aria
382 3104 447 3166 cod.
463 3102 588 3184 Monac.)
610 3102 777 3165 occiderent.
827 3101 943 3163 Erravit
968 3102 1113 3184 interpres
1139 3104 1174 3165 de
1196 3112 1292 3183 strage
1315 3102 1467 3166 Crassiana

118 3211 247 3288 cogitans
273 3209 309 3270 ab
330 3207 420 3270 huius
442 3206 581 3269 carminis
603 3214 778 3286 argumento
800 3205 893 3267 aliena
920 3226 1016 3286 neque
1037 3208 1073 3268 ad
1096 3207 1262 3270 Monaesem
1285 3207 1467 3270 Paoarumve

117 3313 282 3386 referenda3
310 3320 389 3373 recte
417 3320 516 3374 autem
540 3313 631 3374 Saxae
659 3309 839 3371 mentionem
863 3309 954 3372 inicit.
1005 3311 1121 3374 Scilicet
1148 3312 1240 3392 tangit
1262 3321 1348 3392 poeta
1370 3313 1466 3374 clades

118 3414 189 3476 duas
211 3414 391 3477 Antonianas
413 3415 534 3476 alteram
556 3433 583 3476 a.
600 3414 670 3487 714,
692 3432 752 3493 quo
773 3411 806 3473 L.
822 3412 959 3475 Decidius
981 3414 1055 3478 Saxa
1076 3417 1176 3497 Syriae
1197 3417 1308 3495 legatus
1331 3435 1347 3477 a
1365 3415 1468 3478 Pacori

118 3518 243 3581 ducihus
269 3517 364 3580 victus
392 3527 422 3580 et
442 3518 614 3581 interiectus
640 3525 685 3579 est
708 3514 872 3592 (Drumann
896 3518 923 3592 1,
948 3516 1039 3596 436),
1069 3520 1188 3581 alteram
1211 3538 1237 3581 a.
1254 3519 1330 3594 718,
1359 3522 1467 3600 quain

117 3621 302 3704 expeditione
323 3621 417 3704 ipsius
439 3621 556 3684 Antonii
579 3623 654 3684 duae
674 3619 802 3700 legiones
824 3638 892 3682 cum
921 3620 1015 3700 legato
1043 3622 1139 3704 Oppio
1162 3623 1292 3684 Statiano
1314 3643 1330 3685 a
1352 3623 1468 3711 Parthis

118 3727 269 3807 hledisque
290 3727 326 3788 ad
348 3726 577 3788 internecionem
599 3743 700 3788 caesae
722 3734 793 3787 sunt
807 3723 972 3804 (lirumann
990 3729 1017 3802 1,
1033 3727 1117 3808 454).
1152 3727 1283 3799 Quarum
1306 3727 1388 3808 signa
1403 3736 1468 3789 tum

117 3840 202 3911 capta
236 3849 304 3920 aum
328 3829 527 3892 1141114721
556 3829 614 3911 ipsi
639 3827 766 3890 tammo
798 3827 993 3891 reddidissent
1018 3829 1082 3906 (Dio
1099 3831 1149 3904 49,
1165 3832 1232 3908 44),
1266 3849 1341 3911 quae
1367 3830 1469 3892 Parthi

117 3943 258 4014 ceperant
279 3953 340 3995 non
362 3933 498 3996 restituta
519 3942 592 3996 sunt
614 3931 671 3994 nisi
693 3948 761 4018 oum
783 3930 876 4011 signis
899 3931 1068 3996 Crassianis.
1114 3934 1279 3997 Monaesum
1303 3934 1468 4015 accepimus

116 4047 240 4120 propter
261 4037 475 4100 dissensionem
497 4055 565 4098 cum
588 4054 656 4114 rege
677 4034 801 4096 Phraate
823 4054 849 4096 4.
866 4036 928 4096 717
949 4056 965 4099 4
988 4037 1104 4100 Parthis
1125 4038 1235 4119 fugisse
1256 4039 1468 4102 aditomnium

117 4143 202 4222 eique
226 4161 258 4204 se
280 4141 422 4204 obtulisse
445 4142 550 4203 ducem
573 4137 642 4201 helli
663 4136 756 4199 tutmi
777 4137 1010 4222 electarumque
1032 4161 1064 4204 se
1085 4142 1293 4223 spopondisse,
1324 4154 1358 4206 ut
1379 4143 1469 4224 pleri-

116 4266 173 4326 que
196 4245 299 4309 Parthi
326 4254 432 4326 sponte
458 4264 511 4307 sua
534 4242 674 4305 Romanis
703 4262 736 4305 se
764 4243 927 4319 traderent;
958 4255 1112 4328 exceptum
1139 4249 1180 4310 ita
1202 4267 1255 4328 pro
1279 4265 1395 4312 summa
1417 4265 1469 4328 spe

117 4349 147 4410 in
169 4369 206 4412 eo
230 4349 326 4430 posita
348 4349 482 4411 maximis
505 4345 667 4409 honoribus
689 4345 927 4430 destinatumque
949 4349 986 4411 ah
1007 4350 1150 4426 Antonio,
1180 4370 1268 4432 quem
1291 4351 1468 4414 Parthorum

116 4471 218 4533 regem
240 4456 357 4527 taceret,
380 4469 449 4513 mox
470 4451 625 4513 aPhraate
647 4450 704 4513 sihi
725 4459 874 4514 metuente
895 4452 927 4514 in
948 4453 1073 4535 patriam
1094 4462 1262 4517 revocatum
1285 4474 1349 4516 esse
1371 4463 1401 4516 et
1421 4453 1469 4516 in-

117 4559 267 4619 columem
290 4555 446 4644 dimissum
467 4556 504 4618 ab
525 4556 653 4618 Antonio
675 4553 806 4637 (111449,
822 4555 872 4617 23.
890 4555 948 4632 24;
974 4557 1121 4620 Plutarch.
1136 4558 1205 4620 Ant.
1222 4557 1285 4639 87).
1327 4557 1413 4622 liunt
1436 4567 1470 4621 ut

116 4660 147 4721 in
169 4660 249 4722 hello
270 4679 295 4721 a.
318 4658 380 4721 718
401 4659 519 4722 Parthis
547 4659 707 4741 praefuisse
735 4669 901 4723 statuamus
928 4668 958 4723 el
984 4663 1174 4746 praecipuum
1201 4670 1352 4726 auctorem
1377 4661 1468 4725 fuisse

117 4762 210 4826 cladis
234 4762 395 4844 Oppianae‚
425 4763 548 4844 requirit
574 4783 642 4827 aum
668 4765 751 4828 locus
773 4763 949 4828 Horatianus
978 4773 1041 4828 turn
1068 4767 1146 4848 quod
1172 4776 1272 4830 narrat
1292 4765 1468 4830 Plutarchus
