3525 5417
754 297 793 365 11.
812 299 881 354 2—⁵
1028 263 1031 272 ’
1453 304 1495 367 er

138 485 305 562 Augustum
325 480 476 561 Agrippae.
496 481 617 542 cadaver
642 481 790 561 adspicere
813 479 944 541 noluisse
965 473 1017 540 ὅτι
1039 477 1081 540 τὰ
1101 475 1169 541 τοῖν
1190 479 1335 560 τιμητῶν
1356 476 1497 562 ἔπραττε

138 587 236 667 ipsam
271 595 368 647 tamen
402 583 600 646 narrationem
627 583 812 664 improbans)
840 591 871 644 et
898 581 958 643 743
989 583 1060 662 (54,
1089 581 1143 643 35:
1182 577 1375 661 Αὔγουστος
1408 579 1496 646 ἀπο-

136 683 270 772 γραφάς
297 725 336 736 -
368 679 566 770 ὑπογραφάς
593 686 661 748 libri
689 721 732 730 -
757 709 792 748 τε
818 681 1002 768 ἐποιήσατο
1031 681 1141 748 πάντα
1166 684 1207 746 τὰ
1239 681 1431 767 ὑπάρχοντά
1462 685 1495 750 οἳ

137 787 297 872 καθάπερ
325 813 376 864 τις
406 787 540 872 ἰδιώτης
565 786 880 872 οἷπονραψάμονος);
908 799 1046 870 quartum
1076 810 1099 852 a.
1126 791 1186 850 757
1218 791 1285 867 (55,
1316 791 1378 870 13),
1405 812 1494 872 quem

137 907 239 957 tamen
262 915 315 977 pro
338 914 428 956 censu
450 894 557 957 babere
578 894 643 975 ipse
664 896 814 973 Augustus
836 894 973 966 noluerit,
996 912 1063 954 uam
1088 895 1162 954 lecto
1185 903 1289 956 senatu
1312 915 1415 957 censos
1431 916 1495 958 esse

137 1018 190 1060 eos
217 999 295 1060 solos
323 999 373 1079 qui
400 998 431 1059 in
454 998 534 1060 ltalia
560 997 727 1060 habitarent
752 1007 783 1060 et
804 983 870 1079 plus
899 999 1023 1059 ducenta
1051 997 1129 1059 milia
1156 997 1324 1060 sestertium
1352 999 1383 1060 iu
1409 1001 1495 1063 bouis

137 1103 296 1164 haberent:
318 1099 375 1164 καὶ
398 1097 490 1174 ὅπως
511 1123 548 1178 γε
568 1095 613 1182 μη
638 1097 764 1173 δόξειεν
786 1094 828 1174 ὥς
849 1098 985 1184 τιμητης
1006 1095 1086 1162 αὐτὸ
1107 1101 1220 1163 ποιεῖν
1299 1097 1496 1168 ἀνθύπατον

137 1204 295 1278 ἐξουσίαν
316 1202 399 1283 πρός
418 1227 455 1266 τε
476 1200 515 1265 cd
535 1202 627 1276 τέλος
648 1204 714 1267 τῶν
735 1201 943 1286 ἀπογραφῶν
964 1202 1020 1265 καὶ
1044 1203 1128 1286 πρὸς
1148 1204 1206 1287 τὴν
1227 1205 1285 1267 τοῦ
1304 1207 1495 1286 καθαρσίου

136 1303 278 1392 ποίησιν
305 1309 505 1391 προσέθετο.
549 1308 628 1369 llaec
653 1328 670 1369 a
693 1327 760 1368 vero
788 1317 821 1370 ut
847 1310 933 1388 longe
964 1307 1118 1381 recedunt,
1149 1308 1189 1369 ita
1212 1328 1265 1370 cur
1287 1311 1424 1372 recedant
1446 1311 1495 1372 in-

137 1413 235 1492 tellegi
261 1421 376 1493 potest3
403 1430 499 1492 neque
529 1411 609 1473 enim
637 1412 685 1473 hic
707 1431 859 1474 versamur
884 1411 914 1472 iu
943 1411 1033 1473 meris
1063 1411 1226 1484 erroribus,
1258 1413 1309 1472 sed
1334 1412 1365 1473 iu
1393 1433 1493 1475 rerum

136 1515 364 1597 interpolatione
385 1515 565 1606 gravissima.
608 1514 666 1575 'l'er
687 1535 809 1576 censum
827 1516 921 1593 egisse
936 1516 1102 1594 Augustum
1117 1514 1171 1576 bio
1186 1535 1302 1594 quoque
1317 1507 1410 1596 ponit,
1434 1518 1494 1580 sive

136 1619 312 1682 aSuetooio
326 1619 447 1680 edoctus
463 1618 522 1679 sive
538 1619 668 1692 aliunde;
691 1638 814 1698 eamque
835 1619 929 1698 ipsam
953 1619 991 1680 ob
1013 1637 1131 1680 causam
1153 1639 1178 1678 a.
1196 1619 1256 1678 757
1279 1619 1405 1680 lustrum
1426 1623 1494 1701 qui-

136 1725 204 1784 dem
228 1743 324 1803 neque
347 1731 445 1784 tamen
467 1741 588 1784 censum
611 1725 719 1784 iactum
743 1741 807 1784 esse
830 1723 981 1784 contendit
1002 1741 1072 1784 saue
1095 1740 1184 1801 quam
1208 1740 1350 1802 perverse,
1374 1743 1411 1784 ne
1434 1735 1494 1786 ter-

136 1827 254 1888 narium
278 1846 436 1888 numerum
459 1827 620 1887 excederet.
650 1827 764 1888 Consus
786 1836 884 1887 autem
907 1827 965 1887 duo
993 1825 1216 1887 uenenatas
1239 1834 1269 1887 et
1284 1827 1378 1896 '142‘3
1395 1839 1494 1908 aperte

135 1930 280 2010 originem
297 1938 450 1991 traxerunt
464 1948 499 1990 ex
514 1949 583 1991 cura
601 1947 727 2002 morum,
739 1948 828 2008 quam
840 1928 963 1990 Dionem
980 1929 1106 1990 vidimus
1122 1930 1298 1990 contendere
1314 1930 1350 1990 ab
1362 1933 1493 2010 Augusto

135 2033 182 2095 bis
210 2041 359 2114 receptam
386 2052 450 2094 esse
477 2051 503 2092 a.
520 2032 581 2093 735
604 2042 634 2094 et
656 2032 726 2106 742,
749 2033 872 2113 eiusque
899 2031 1008 2092 erroris
1037 2051 1104 2112 pars
1133 2040 1163 2093 et
1191 2033 1306 2112 sequela
1334 2044 1380 2096 est
1406 2055 1494 2098 curae

135 2137 200 2198 eius
227 2138 264 2198 ad
291 2155 446 2196 censuram
471 2121 629 2196 translatio.
674 2135 711 2197 lli
733 2155 839 2197 census
862 2135 926 2196 salsi
948 2136 1124 2217 expulerunt
1147 2155 1229 2197 veros
1252 2157 1276 2198 a.
1295 2138 1356 2198 746
1371 2148 1401 2200 et
1417 2140 1492 2217 767;

136 2241 253 2320 primus
274 2239 425 2300 remansit
459 2239 661 2300 Narratiouem
684 2240 719 2300 de
742 2247 846 2319 quarto
869 2258 959 2300 censu
982 2249 1102 2300 eatenus
1124 2247 1205 2319 patet
1226 2251 1395 2322 corruptam
1418 2262 1492 2318 esse,

136 2341 216 2424 quod
245 2360 352 2404 census
377 2350 460 2403 actus
486 2361 551 2403 esse
578 2343 686 2404 dicitur
710 2342 774 2403 iure
804 2343 1006 2422 proconsulari
1033 2362 1091 2403 nou
1120 2343 1216 2404 solum
1245 2353 1345 2406 contra
1368 2348 1492 2426 Augusti

135 2447 230 2527 ipsius
259 2446 477 2519 testimonium,
506 2447 557 2507 sed
579 2447 667 2507 etiam
690 2454 792 2506 contra
813 2446 887 2507 iuris
909 2446 1015 2526 publici
1039 2445 1196 2520 rationem;
1224 2447 1285 2527 ipsa
1308 2457 1406 2510 autem
1430 2451 1493 2512 sine
1579 2469 1582 2476 ·

136 2550 228 2611 dubio
255 2569 315 2610 non
344 2549 437 2628 magis
466 2549 571 2611 ficticia
597 2559 643 2610 est
675 2569 764 2628 quam
798 2569 872 2629 quae
895 2551 983 2611 simul
1006 2559 1164 2612 narrantur
1185 2550 1221 2611 de
1244 2560 1346 2621 senatu
1370 2563 1492 2632 purgato

136 2653 274 2733 (r.ad2‚
293 2652 333 2731 1),
356 2671 534 2732 quamquam
558 2671 624 2713 vera
647 2653 690 2714 rei
712 2661 792 2715 actae
814 2653 946 2714 condicio
968 2673 1003 2714 ex
1028 2655 1142 2715 turbata
1158 2653 1259 2716 Graeci
1274 2656 1401 2717 auctoris
1417 2657 1493 2719 rela-

135 2759 216 2818 tione
240 2775 342 2837 parum
365 2755 550 2837 perspicitur.
839 2837 844 2847 Ι

238 2858 371 2920 Primum
387 2877 509 2920 censum
525 2861 675 2938 Augustus
691 2861 750 2938 egit
765 2870 838 2921 testo
851 2860 942 2921 Dione
958 2860 1020 2934 (52,
1038 2860 1086 2920 42.
1101 2861 1150 2934 53,
1166 2861 1196 2939 1)
1212 2881 1265 2941 per
1278 2882 1371 2924 annos
1387 2864 1448 2924 725
1464 2875 1493 2926 et

136 2964 209 3026 726.
247 2963 388 3024 Lustrum
411 2962 562 3024 conditum
585 2982 650 3023 esse
672 2964 728 3023 boc
742 2982 818 3024 auno
833 2964 887 3024 llio
903 2963 1003 3025 scribit
1019 2965 1253 3044 corrfirmantque
1268 2967 1335 3026 fasti
1352 2967 1491 3028 Venusini

135 3068 180 3146 (C.
201 3067 251 3139 lx,
274 3065 349 3144 422)
376 3067 412 3126 ad
439 3085 464 3127 a.
486 3066 564 3127 726:
591 3071 658 3146 imp.
681 3066 787 3128 Caesar
816 3087 851 3154 ηι,
881 3067 920 3128 M.
945 3069 1070 3147 Agrippa
1090 3087 1115 3126 u
1140 3067 1237 3148 (cos.);
1269 3071 1343 3130 idem
1364 3077 1494 3133 υυοοονὶο

133 3171 297 3251 potesttute)
330 3169 455 3230 lustrum
485 3169 652 3249 fecer(uut)‚
680 3177 710 3230 et
737 3171 893 3231 confirmat
920 3169 981 3250 ipse
1007 3168 1167 3248 Augustus,
1198 3190 1266 3231 cum
1294 3172 1324 3232 in
1354 3173 1491 3235 censibus

135 3272 277 3334 omnibus
300 3291 412 3332 annum
434 3291 574 3334 censurae
597 3291 657 3333 non
680 3283 807 3353 coeptae,
834 3275 885 3335 sed
909 3274 1008 3335 linitae
1030 3273 1225 3354 adscripserit.
1271 3274 1412 3337 Censores
1440 3277 1492 3356 qui

136 3377 205 3438 iacti
227 3384 299 3437 sunt
320 3376 397 3437 inter
420 3375 451 3436 L.
468 3377 592 3438 Gellium
616 3385 646 3436 et
667 3375 720 3437 Cn.
736 3375 894 3437 Lentulum
917 3384 947 3437 et
969 3377 1122 3438 Caesarem
1144 3377 1273 3437 lustrum
1301 3396 1360 3438 nun
1387 3378 1492 3439 fecisse

136 3490 204 3560 post
225 3478 407 3540 luculentum
430 3479 466 3538 de
488 3478 660 3540 censoribus
680 3479 789 3540 saeculi
804 3497 843 3539 ru
858 3480 1104 3541 commentarium
1120 3478 1271 3557 Borghesii
1287 3478 1372 3542 bodie
1388 3499 1491 3542 omues

137 3581 341 3657 consentiunt3
368 3582 495 3643 lustrum
518 3581 591 3644 illud
613 3582 729 3644 videtur
750 3583 932 3657 missenus,
956 3583 1011 3644 boc
1026 3601 1081 3644 uxr
1097 3581 1285 3663 (Stortsrecbt
1301 3581 1341 3641 2²
1359 3604 1387 3663 p.
1404 3582 1489 3660 331).

137 3685 212 3746 Anni
234 3685 286 3765 qui
309 3687 505 3747 interfuerunt
528 3684 605 3746 iuter
627 3686 755 3749 lustrum
777 3705 795 3746 a
817 3685 909 3747 Gellio
932 3696 961 3748 et
983 3685 1107 3747 Lentulo
1135 3685 1285 3747 conditum
1315 3694 1345 3747 et
1366 3687 1491 3764 Augusti

138 3791 267 3868 primunr
290 3807 349 3848 xnu
371 3789 519 3868 quomodo
542 3791 703 3870 computati
726 3789 795 3863 sint,
822 3789 930 3870 pendet
951 3789 988 3851 ab
1010 3808 1087 3850 anno
1109 3787 1196 3850 lustri
1218 3789 1349 3868 proxime
1373 3808 1491 3870 praece·

138 3893 242 3954 dentis.
288 3892 369 3954 Solet
396 3892 426 3953 id
454 3893 581 3954 adscribi
609 3893 646 3955 ad
667 3914 693 3954 a.
709 3893 789 3966 6843
817 3902 847 3954 at
869 3913 916 3953 res
937 3913 963 3954 a.
981 3892 1041 3952 633
1071 3891 1117 3952 vix
1145 3891 1185 3952 ita
1212 3889 1365 3964 ordinaris,
1394 3901 1427 3953 ut
1456 3911 1491 3952 eo

138 4101 291 4179 gistratum
314 4101 515 4180 deposuerunt
537 4100 681 4179 sequenti.
725 4100 762 4161 Et
784 4098 883 4160 Livius
913 4118 1030 4178 quoque
1053 4105 1125 4178 (per.
1143 4097 1198 4177 93)
1219 4098 1345 4159 lustrum
1370 4119 1405 4160 eo
1426 4099 1490 4160 loco

139 4207 235 4276 refert,
264 4212 298 4265 ut
318 4204 354 4263 ad
377 4223 402 4264 a.
418 4202 480 4264 685
503 4202 532 4264 id
560 4205 707 4284 pertinere
734 4211 879 4283 appareat.
929 4201 1005 4264 Auni
1034 4201 1131 4282 itaque
1158 4221 1217 4262 unu
1244 4221 1312 4263 cum
1345 4205 1490 4264 numerati

138 4307 195 4370 siut
217 4294 254 4369 ab
275 4327 301 4367 a.
318 4306 437 4367 685'ad
458 4327 484 4368 a.
502 4307 573 4379 726,
596 4316 716 4387 apparet
743 4307 872 4387 primum
902 4316 1147 4386 postremumque
1174 4305 1222 4365 hic
1244 4305 1490 4384 comprehensum

138 4431 208 4472 ease.
236 4445 278 4454 -
307 4409 343 4471 ln
377 4409 528 4471 consulatu
558 4422 639 4472 secto
664 4411 813 4488 Augustus
840 4411 881 4471 ait
915 4409 1042 4470 lustrum
1078 4429 1110 4470 se
1146 4410 1343 4488 collegamque
1377 4408 1490 4483 secisse,

139 4519 263 4576 αιιοοπο
282 4525 418 4594 potestate
440 4513 507 4574 fasti
523 4513 672 4589 Venusini,
694 4524 773 4575 recte
795 4524 824 4575 et
839 4513 888 4574 ille
902 4523 932 4574 et
946 4513 993 4588 bi;
1017 4512 1128 4574 scilicet
1142 4512 1229 4574 rediit
1244 4513 1394 4590 Augustus
1409 4531 1491 4574 more
1519 4587 1522 4596 1

139 4637 191 4679 suo
222 4619 257 4679 ad
288 4616 522 4696 antiquissimam
557 4636 658 4679 rerum
692 4617 922 4692 ordinationem,
955 4618 1071 4697 quando
1100 4617 1155 4679 sub
1185 4615 1302 4696 regibus
1329 4615 1490 4697 primisque

140 4720 306 4786 concidibus
331 4739 379 4784 res
401 4719 517 4802 publica
539 4730 603 4784 erat
624 4739 678 4784 nec
699 4739 836 4785 censores
859 4719 911 4783 ulli
933 4720 1116 4795 creabantur,
1139 4721 1191 4784 sed
1213 4737 1296 4800 reges
1319 4719 1490 4782 consulesne
