3525 5417
249 298 399 355 XXXVIII

249 481 285 542 ad
308 478 526 562 topographiam
549 476 632 539 urhis
653 474 763 538 Romae
785 474 910 555 benigne
941 484 971 538 et
995 474 1089 557 perite
1111 494 1159 537 me
1180 474 1289 538 adiuvit
1311 474 1473 538 Henricum
1495 476 1606 541 Jordan

250 582 420 665 praesertim
438 580 579 661 Georgius
594 578 694 641 Kaibel
717 580 840 641 Graecae
862 578 1099 661 interpretationi
1120 582 1301 642 fructuosam
1325 598 1427 643 curam
1449 580 1605 663 impendit

348 687 394 748 tv.
429 685 506 747 Haec
527 684 677 764 excipiunt
698 683 808 746 scheba
830 702 904 758 mea,
926 683 1035 763 quibus
1057 691 1179 765 propter
1199 681 1318 745 lectoris
1333 685 1524 748 commodum
1541 695 1607 749 tex-

250 801 314 855 tum
330 798 489 869 utrumque
505 787 673 869 suppletum
696 786 833 861 eundem,
856 788 893 849 de
908 806 967 868 quo
981 786 1071 849 modo
1085 786 1154 861 dixi,
1177 786 1358 867 capitulatim
1373 788 1539 869 praeposui.
1571 791 1607 852 In

249 896 285 957 iis
313 894 431 957 scholiis
453 894 576 954 eandem
599 893 659 952 lere
680 891 773 971 legem
797 897 916 952 secutus
939 909 1016 964 sum,
1039 892 1076 952 de
1097 910 1154 972 qua
1176 910 1265 973 supra
1287 892 1411 973 exposui
1431 892 1463 955 in
1485 895 1607 976 supple-

250 998 372 1073 mentis,
405 998 477 1058 lalsa
504 1003 534 1057 et
560 993 767 1076 praetermissa
794 1000 828 1055 ut
859 992 1075 1073 corrigerentur
1105 1005 1135 1057 et
1161 994 1349 1075 explerentur
1377 995 1441 1058 sine
1466 998 1607 1061 continua

249 1102 382 1185 priorum
412 1098 619 1179 exagitatione,
646 1117 681 1159 ex
710 1097 746 1159 iis
769 1106 867 1159 autem
896 1116 971 1177 quae
993 1116 1067 1166 vera,
1083 1107 1113 1161 et
1134 1098 1294 1180 probabilia
1315 1099 1337 1160 ii
1359 1098 1535 1176 attulissent,
1557 1121 1607 1163 re-

250 1207 366 1269 condita
395 1213 512 1267 tantum
546 1210 576 1265 et
602 1201 695 1281 magis
729 1200 871 1280 exquisita
898 1201 1089 1264 laudarentur
1116 1203 1238 1265 nomine
1255 1203 1388 1266 adiecto.
1435 1204 1510 1267 Nam
1537 1224 1606 1268 cum

250 1311 321 1372 haec
343 1309 382 1371 sit
403 1305 550 1370 eiusmodi
572 1304 852 1374 commentariorum
875 1304 959 1378 ratio,
983 1312 1098 1367 utnon
1121 1324 1212 1388 pauca
1234 1305 1380 1388 interpres
1395 1306 1531 1370 omittere
1546 1328 1608 1371 non

250 1414 353 1477 debeat
380 1431 435 1475 nec
462 1412 534 1473 adeo
561 1417 650 1491 queat
676 1428 693 1471 a
722 1408 826 1489 quovis
853 1408 973 1471 homine
1000 1428 1060 1470 uon
1089 1409 1156 1472 rudi
1183 1410 1263 1472 nullo
1285 1412 1404 1490 negotio
1426 1413 1606 1492 reperienda,

251 1517 327 1609 talia·
346 1515 412 1598 quis
440 1514 555 1597 primus
585 1513 717 1576 attulerit
743 1531 798 1574 nee
828 1512 957 1592 quaesivi
985 1532 1039 1575 nec
1066 1514 1211 1576 adnotavi.
1254 1514 1308 1577 Est
1335 1514 1413 1576 euim
1438 1517 1608 1597 interpretis

249 1640 309 1685 non
333 1621 427 1682 solum
452 1637 541 1681 suum
564 1618 669 1697 cuique
691 1617 830 1692 tribuere,
853 1616 905 1679 sed
931 1616 1018 1679 etiani
1041 1637 1089 1680 res
1112 1618 1246 1681 omnium
1262 1636 1435 1681 communes
1450 1620 1608 1702 apropriis

250 1734 279 1787 et
301 1722 417 1786 eximiis
439 1741 602 1797 secernere,
631 1718 826 1801 ahhorretque
849 1721 972 1782 omnino
994 1741 1010 1783 a
1033 1722 1139 1784 studiis
1161 1723 1242 1784 hisce
1264 1721 1432 1785 liberalibus
1452 1724 1538 1785 anxia
1552 1743 1607 1786 au·

250 1828 394 1893 ctoritatis
417 1826 551 1907 quaestio
573 1825 659 1888 etiam
683 1827 713 1888 in
735 1825 781 1899 iis,
804 1844 879 1905 quae
902 1824 927 1886 si
949 1826 1001 1906 qui
1023 1825 1079 1887 sibi
1094 1825 1230 1900 vindicet,
1252 1827 1433 1907 pauperrimi
1448 1829 1558 1908 ingenii
1574 1849 1607 1891 se

252 1953 316 1997 esse
338 1933 402 2013 ipsa
424 1950 456 1993 re
479 1931 660 1993 confiteatur.
705 1927 842 1991 Ceterum
864 1927 1006 1991 iudicium
1029 1937 1092 1992 esto
1114 1930 1192 2010 apud
1213 1931 1337 1992 lectores
1359 1950 1468 2011 aequos
1490 1940 1521 1993 et
1534 1952 1608 2013 pru-

251 2039 363 2111 dentes,
386 2033 616 2097 commentarius
631 2034 757 2113 Augusti
778 2052 850 2094 nuru
874 2032 933 2095 iam
954 2033 1071 2113 plenius
1092 2043 1123 2096 et
1144 2034 1253 2097 certius
1274 2034 1460 2115 intellegatur
1480 2055 1542 2098 non
1557 2056 1607 2098 so·

250 2144 313 2205 lum
334 2148 455 2222 propter
476 2158 551 2201 nova
574 2136 704 2200 subsidia
727 2138 808 2217 (nam
831 2137 886 2199 hac
907 2137 1026 2217 quidem
1049 2138 1085 2199 de
1107 2157 1139 2199 re
1161 2156 1250 2200 nemo
1272 2137 1421 2219 ambiget),
1444 2139 1607 2202 sedetiam

249 2252 370 2327 propter
392 2261 504 2328 curam,
526 2261 614 2322 quam
638 2260 691 2321 ego
712 2241 743 2303 in
766 2260 835 2303 eum
857 2241 998 2323 impendi.

349 2348 383 2409 V.
417 2347 548 2427 Denique
580 2354 696 2427 praeter
723 2354 879 2409 tractatum
911 2344 947 2406 de
977 2344 1009 2405 P.
1031 2342 1151 2426 Sulpicii
1173 2344 1300 2417 Quirinii
1328 2345 1412 2408 titulo
1440 2345 1606 2423 Tiburtino,

250 2472 340 2534 quem
364 2462 444 2515 extra
467 2452 601 2514 ordinem
623 2449 728 2525 addidi,
751 2450 861 2513 subieci
883 2448 995 2510 indices
1016 2456 1077 2509 tres
1099 2448 1280 2528 pertinentes
1302 2449 1339 2511 ad
1358 2451 1606 2514 commentarium

249 2557 383 2637 Augusti,
405 2564 595 2636 conspectum
618 2573 719 2617 rerum
742 2554 906 2617 secundum
928 2551 1062 2614 ordinem
1084 2562 1252 2634 temporum
1274 2572 1335 2615 non
1349 2552 1486 2616 inutilem
1502 2556 1607 2635 opinor

250 2679 349 2722 rerum
383 2660 583 2722 Romanarum
616 2658 724 2720 futuris
751 2655 986 2731 enarratoribus;
1013 2655 1141 2717 indicem
1173 2656 1330 2747 uerborum
1361 2657 1487 2739 exempli
1509 2658 1607 2721 Latini

252 2763 373 2827 adiectis
395 2782 470 2843 quae
492 2762 688 2844 respondeant
710 2761 856 2825 vocabulis
878 2761 1005 2835 Graecis,
1027 2759 1196 2841 praemissis
1226 2769 1325 2823 autem
1351 2760 1606 2825 observationibus

250 2866 425 2948 quibusdam
442 2867 478 2927 de
493 2866 679 2928 monumenti
703 2864 909 2946 orthographia
924 2874 955 2926 et
969 2864 1005 2926 de
1018 2863 1115 2926 indole
1131 2863 1340 2945 metaphrasis;
1362 2863 1488 2927 indicem
1504 2884 1605 2929 rerum

250 2971 398 3055 potiorum
421 2970 452 3032 iu
474 2969 593 3032 scholiis
615 2978 868 3052 pertractatarum.

348 3074 395 3135 vt.
428 3073 582 3137 Adiectum
604 3083 651 3135 est
671 3072 838 3153 exemplum
860 3070 1199 3153 photolithograpbicum
1222 3072 1406 3135 monumenti
1428 3074 1530 3136 totius.
1573 3075 1607 3137 ld

250 3188 283 3241 ut
315 3179 352 3241 ad
380 3178 472 3259 spatia
499 3177 663 3240 delinienda
689 3176 799 3239 utiliter
824 3176 957 3239 adhiberi
982 3184 1093 3256 potest,
1125 3174 1166 3236 ita
1196 3175 1232 3236 ad
1259 3176 1458 3255 agnoscendas
1483 3177 1606 3253 litteras,

250 3282 285 3343 de
312 3280 420 3361 quibus
448 3280 574 3343 dubitari
596 3289 707 3362 potest,
730 3297 914 3360 nequaquam
938 3277 1072 3340 sufficiet.
1116 3277 1214 3338 Nihilo
1236 3280 1336 3341 minus
1357 3278 1388 3341 id
1409 3281 1446 3343 ab
1467 3281 1523 3343 hae
1543 3282 1607 3344 edi-

250 3384 328 3447 tione
350 3403 388 3447 ne
410 3384 534 3458 abesset,
557 3384 704 3447 academia
726 3392 828 3446 nostra
850 3382 986 3455 decrevit,
1014 3390 1045 3444 et
1066 3391 1167 3462 gratus
1189 3381 1262 3443 mihi
1284 3381 1383 3445 iussus
1405 3383 1463 3446 tuit
1484 3394 1607 3467 propter

250 3507 398 3551 summam
422 3488 609 3550 monumenti
631 3488 811 3569 dignitatem.
854 3489 892 3550 At
914 3486 940 3548 si
961 3485 1013 3567 qui
1034 3486 1070 3547 de
1092 3485 1216 3547 lectione
1242 3494 1344 3548 nostra
1366 3487 1520 3563 dubitabit,
1543 3490 1607 3571 ple-

250 3611 376 3672 rumque
401 3609 461 3653 non
474 3592 525 3653 'ad
558 3592 671 3654 tabulas
703 3600 836 3665 nostras,
870 3591 924 3653 sed
944 3591 981 3653 ad
1013 3590 1149 3652 matrices
1178 3609 1251 3669 quas
1277 3589 1466 3655 adhibuimus
1493 3594 1606 3656 autad

249 3694 348 3776 ipsum
372 3713 502 3757 marmor
523 3695 558 3757 lis
581 3694 765 3757 diiudicanda
786 3696 851 3757 erit

350 3797 428 3861 Haec
450 3798 559 3880 paravi,
582 3808 617 3861 ut
639 3798 758 3861 titulum
780 3797 857 3859 inter
879 3796 1001 3859 Latinos
1022 3797 1197 3878 primarium
1220 3797 1260 3860 ita
1282 3817 1489 3879 proponerem,
1511 3809 1606 3864 utres

250 3902 375 3984 requirit
407 3902 596 3984 subsidiaque
629 3902 815 3984 permittunt.
856 3902 920 3965 lam
946 3900 1044 3981 prodit
1070 3902 1300 3963 commentarius
1328 3922 1428 3964 rerum
1457 3913 1605 3983 gestarum

251 4008 308 4071 divi
323 4007 446 4086 Augusti
466 4025 534 4069 cum
551 4006 711 4087 integritati
727 4025 797 4069 suae
812 4006 978 4081 restitutus,
1001 4014 1080 4069 certe
1095 4005 1174 4066 nullo
1190 4005 1272 4067 hiatu
1286 4005 1397 4068 maiore
1412 4006 1606 4089 interruptus,

251 4122 316 4175 tum
338 4119 406 4192 post
427 4110 523 4192 apices
546 4128 649 4173 omnes
671 4129 739 4173 cum
763 4129 833 4173 cura
847 4120 877 4172 et
892 4110 949 4173 lide
963 4119 1099 4191 exceptos
1114 4107 1247 4171 lectionis
1262 4109 1293 4171 in
1309 4110 1479 4173 universum
1495 4120 1606 4187 certae3

250 4226 280 4279 et
302 4234 370 4277 cum
393 4223 459 4277 vota
480 4216 622 4277 iaciamus
644 4224 677 4277 ut
699 4215 750 4296 qui
772 4223 839 4297 post
860 4233 916 4277 nos
936 4214 1062 4287 venient,
1085 4230 1159 4293 quae
1182 4212 1279 4275 adhuc
1292 4221 1454 4294 supersunt
1468 4224 1607 4296 corrupta

250 4329 281 4381 et
301 4319 394 4380 lacera
417 4319 574 4380 emendent
595 4325 625 4381 et
647 4320 789 4399 expleant,
812 4318 959 4400 plerisque
981 4326 1060 4380 certe
1074 4315 1224 4398 occupatis
1239 4325 1269 4379 et
1283 4317 1425 4380 absolutis
1440 4317 1505 4381 iure
1520 4318 1607 4381 nobis

250 4422 431 4501 gratulamur
452 4428 571 4503 propter
594 4422 741 4502 egregium
766 4433 995 4485 monumentum
1010 4431 1110 4484 nostra
1125 4429 1219 4483 aetate
1234 4430 1438 4502 recuperatum
1454 4422 1607 4484 communi

251 4544 337 4607 opera
360 4525 449 4606 Angli*
475 4525 603 4587 hominis
630 4535 660 4588 et
682 4525 753 4588 Galli
783 4535 812 4587 et
834 4526 930 4606 aliqua
952 4545 1069 4607 quoque
1090 4534 1191 4588 nostra
1212 4525 1368 4587 hominum
1392 4525 1606 4588 Germanorum

251 4628 399 4691 Humanni
423 4648 555 4709 meaque.
800 4632 803 4635 ’
