3525 5417
777 308 800 374 1,
819 309 852 363 35
872 308 906 363 36
1472 307 1513 370 27

171 499 215 561 et,
245 489 270 550 si
298 489 419 551 omnino
445 489 545 569 perlici
570 496 697 569 poterat,
728 506 776 549 res
802 489 888 568 plane
917 486 1021 549 divine.
1065 486 1171 567 Mapna
1198 484 1341 567 quomdam
1362 483 1515 558 sterilitate,

171 593 331 655 Suetonius
360 594 401 654 eit
426 611 451 654 c.
468 590 508 652 42
536 592 693 673 respiciens
721 599 756 652 ut
785 591 899 652 videtur
927 591 1018 671 ipsius
1041 589 1110 650 anni
1131 588 1208 650 illius
1232 588 1292 649 759
1316 587 1515 666 gravissimum

169 714 328 770 annonam,
350 715 383 758 ac
405 695 520 776 difficili
537 695 669 768 remedio,
691 715 755 756 cum
776 695 931 757 venalitios
951 706 976 757 et
999 696 1170 756 lomistarum
1188 691 1318 772 familias
1333 691 1382 770 (oi.
1398 691 1451 752 Dio
1466 691 1516 764 55,

169 798 226 878 26)
251 803 467 880 perepn'oeospue
489 816 584 859 ommes
604 803 725 878 eaceptis
746 798 860 860 medici's
881 809 909 860 et
919 796 1148 879 praeceptoribus
1159 797 1319 875 partimque
1340 796 1518 856 seruitiorum

169 902 221 981 (oi.
244 901 298 962 itio
319 901 338 962 l.
354 902 394 980 c.)
422 902 493 963 arbe
519 901 679 982 expetiisset,
700 911 732 962 ut
752 903 867 964 tandem
890 919 1007 963 emmona
1028 899 1183 969 conualuit,
1208 903 1343 979 impetum
1363 918 1391 959 se
1419 901 1518 977 cepisse

168 1006 267 1070 scirbit
290 1007 529 1085 immutationes
552 1004 683 1084 publicas
710 1003 759 1078 (iis
785 1005 841 1066 hoc
870 1014 949 1065 certe
976 1005 1039 1065 loco
1068 1011 1225 1081 utrumque
1255 1020 1345 1081 genus
1368 1010 1427 1063 tum
1451 1019 1517 1080 gre-

170 1108 263 1170 tuitue
284 1126 372 1188 quem
394 1107 502 1168 leviore
523 1107 617 1188 pretio
639 1108 796 1169 udmensae
817 1108 933 1171 videtur
955 1106 1122 1186 significari)
1145 1110 1176 1167 iro
1193 1116 1360 1186 perpetuum
1379 1104 1517 1174 abolendi,

169 1213 246 1292 mot
275 1230 374 1274 mmm
406 1210 512 1292 fiducia
537 1209 652 1272 culture
679 1230 815 1291 aprorum
842 1223 973 1281 cessaret,
995 1228 1083 1290 meque
1110 1219 1204 1270 tamen
1231 1227 1430 1289 perseuerasse,
1453 1211 1518 1288 puio

169 1324 280 1376 certum
300 1314 415 1378 baberet
431 1325 497 1394 post
516 1333 545 1376 se
562 1331 617 1394 per
632 1315 811 1377 ambitionem
833 1314 999 1396 plaudoque
1020 1315 1147 1374 restitui:
1170 1324 1250 1394 atque
1264 1317 1306 1373 ita
1323 1312 1437 1392 postbao
1457 1329 1518 1373 rem

168 1422 351 1499 temperavit,
380 1427 413 1480 at
440 1434 499 1478 non
523 1422 663 1478 mirorem
690 1430 841 1480 aratorum
866 1437 899 1478 ec
925 1419 1129 1498 nepotioatium
1156 1433 1241 1495 paam
1258 1416 1360 1496 populi
1379 1419 1518 1478 rationem

169 1523 328 1584 dedeceret
371 1519 433 1582 Hoc
458 1519 579 1582 dubium
609 1540 670 1582 non
693 1530 738 1582 est
759 1523 922 1600 Augustum
948 1519 997 1581 ubi
1019 1536 1107 1580 curae
1128 1535 1259 1578 annonae
1282 1518 1310 1578 in
1334 1517 1428 1580 indice
1455 1535 1518 1579 me-

169 1623 272 1696 minit,
300 1623 395 1686 multo
424 1623 517 1702 magis
539 1642 626 1703 quern
649 1625 685 1686 de
707 1623 985 1686 frumentationibus
1007 1620 1133 1705 publicis
1155 1621 1190 1683 de
1213 1621 1266 1682 hac
1287 1621 1427 1684 frumenti
1449 1640 1518 1702 pro-

169 1726 284 1790 visione
306 1727 407 1790 urbica
428 1727 608 1807 cogitavisse.

191 2027 258 2070 nur.
276 2009 303 2080 1,
319 2027 346 2074 ss
361 2027 387 2070 sc
415 2008 614 2084 conmutatum
634 2018 696 2070 tum
717 2008 827 2086 datlum
850 2025 981 2070 annuum
1004 2010 1043 2086 e[t
1061 2017 1229 2090 perpetuum
1248 2025 1307 2069 nore
1324 2003 1329 2090 Ι
1349 2008 1459 2088 accepit.

214 2131 260 2174 cn.
276 2110 305 2186 3,
323 2131 335 2173 s
350 2131 376 2174 oo
416 2103 594 2173 ‘insertae
614 2112 650 2172 τέ
671 2132 729 2191 μοι
751 2108 824 2173 τότε
839 2108 1106 2194 temeptipsum
1127 2113 1130 2190 )
1150 2107 1336 2190 &leuabatur
1355 2111 1419 2188 eall
1434 2107 1519 2188 etate]

415 2216 492 2294 βίου
514 2208 573 2275 οὐκ
595 2210 764 2296 ἐδεξάμην.

169 2342 306 2424 Spatium
328 2342 408 2422 quod
429 2351 511 2404 vacet
532 2343 610 2405 inter
632 2361 707 2405 con
730 2352 759 2404 et
780 2363 832 2404 vn
853 2342 1017 2406 litterarum
1040 2363 1065 2405 o.
1080 2364 1132 2406 nin
1155 2344 1326 2406 vocobulum
1349 2344 1433 2418 milei,
1461 2363 1519 2424 quo

168 2446 254 2509 ducit
273 2445 484 2526 interpretatio,
508 2455 542 2509 ut
564 2446 714 2507 tolleretur
735 2445 840 2524 coegit.

271 2548 325 2610 nio
346 2549 365 2610 Ι.
381 2568 406 2610 c.
429 2568 496 2610 oum
518 2560 619 2610 narret
639 2552 746 2610 tamem
768 2548 845 2609 iimm
865 2567 891 2610 a.
909 2547 979 2622 732,
995 2559 1114 2629 propter
1129 2568 1217 2630 quom
1232 2550 1363 2631 Angusto
1377 2549 1519 2612 dictatum

168 2661 203 2714 et
228 2670 297 2714 curu
326 2670 458 2714 annonae
484 2651 596 2716 oblatae
618 2660 704 2726 sunt,
733 2650 818 2731 vulgo
840 2651 931 2713 visum
955 2671 1019 2714 esse
1040 2653 1108 2715 inde
1130 2653 1286 2728 accidisse,
1315 2645 1365 2715 dre
1388 2651 1431 2735 μὴ
1465 2649 1520 2712 καὶ

167 2751 246 2818 τότε
271 2746 479 2818 ὑπατεύοντα
503 2753 561 2818 τὸν
586 2747 782 2833 Αὔγουστον
809 2754 906 2834 ἔσχον
928 2755 1126 2835 (continuaret
1147 2756 1257 2818 scilicet
1278 2755 1447 2819 consulatus
1466 2773 1521 2836 per

168 2877 266 2921 annos
289 2856 478 2933 tus-731),
500 2857 657 2920 verisimile
678 2867 732 2931 est,
754 2858 833 2938 quod
856 2859 911 2920 hac
932 2859 996 2921 loco
1017 2860 1166 2940 Augustus
1188 2859 1302 2933 scribit,
1325 2877 1425 2922 rerum
1448 2857 1520 2920 scri-

169 2971 272 3044 ptores
293 2961 452 3043 expressim
475 2981 537 3024 nan
560 2962 676 3035 habent,
699 2963 884 3024 consulatum
905 2980 1036 3024 annuum
1052 2971 1285 3044 perpetuumque
1299 2963 1326 3024 ei
1341 2962 1470 3024 ablutum
1485 2962 1520 3024 ad

169 3063 251 3144 ipses
276 3062 341 3124 illus
369 3062 469 3125 turbes
495 3062 565 3125 unni
589 3062 650 3125 732
672 3065 834 3146 pertinere,
863 3083 930 3127 cum
957 3067 1129 3146 praesertim
1152 3066 1207 3128 triu
1230 3066 1300 3128 haec
1327 3064 1420 3146 cupite
1449 3082 1520 3126 con-

168 3167 272 3228 iuncte
292 3165 324 3226 in
346 3165 441 3228 indice
461 3166 604 3246 leguntur.
643 3167 765 3230 Oblitus
788 3176 833 3230 est
854 3177 951 3231 eutem
974 3170 1106 3249 Augusta
1129 3169 1297 3232 consulatus
1319 3187 1386 3231 cum
1403 3185 1519 3229 annuus

170 3278 237 3332 tum
259 3277 419 3349 perpetuus
440 3269 563 3332 omniuo
584 3272 686 3332 eodem
708 3270 831 3343 ratione,
853 3289 910 3350 que
934 3271 1089 3334 tribunicia
1111 3280 1240 3352 potestas
1263 3270 1289 3332 ei
1311 3270 1454 3352 permissa
1476 3280 1522 3332 eet

170 3393 197 3435 a.
222 3371 283 3434 718
305 3381 454 3453 perpetuo,
476 3373 514 3435 ab
528 3393 554 3434 a.
569 3382 667 3435 eutem
684 3372 743 3435 731
760 3372 848 3434 etiam
865 3391 970 3448 eunus,
993 3393 1099 3455 nempe
1114 3382 1148 3436 ut
1161 3375 1230 3436 unni
1246 3373 1309 3436 eius
1330 3391 1521 3435 numeraren-

170 3487 225 3538 tur
245 3475 431 3556 (Staatsreebt
452 3475 472 3536 2
493 3495 522 3557 p.
539 3474 600 3536 772
623 3478 659 3537 oi.
682 3496 710 3556 p.
735 3475 819 3554 836).
846 3511 888 3520 -
915 3476 1069 3538 Diversum
1099 3485 1143 3538 est
1172 3477 1251 3556 quod
1280 3475 1321 3537 ait
1342 3474 1466 3536 Velleius
1490 3473 1519 3548 2,
1589 3515 1591 3519 -

170 3580 214 3643 89
235 3580 292 3642 hoc
314 3587 427 3642 tentum
450 3579 486 3641 cb
500 3579 633 3658 Augusto
654 3579 805 3659 impetrari
826 3579 965 3659 potuisse,
990 3589 1023 3641 ut
1044 3579 1213 3642 consulatus
1236 3597 1329 3658 usque
1348 3578 1384 3639 ed
1400 3578 1520 3640 undeci-

170 3702 254 3746 mum
277 3683 471 3756 mutinueret,
493 3691 524 3745 et
544 3682 660 3764 plenius
679 3681 733 3744 Dio
754 3682 908 3762 exequitur
930 3682 1060 3745 scribens
1076 3683 1140 3762 (54,
1163 3683 1192 3743 6.
1218 3682 1270 3761 10)
1292 3681 1322 3743 in
1344 3699 1437 3743 annos
1460 3679 1520 3742 733

171 3795 202 3849 et
228 3785 289 3848 735
320 3795 466 3866 tamquam
494 3788 615 3849 consule
637 3785 786 3865 designato
809 3786 940 3865 Augusto
962 3787 1097 3848 consules
1121 3785 1250 3865 singulos
1274 3793 1388 3846 tuntum
1411 3793 1522 3846 creatos

171 3909 246 3962 esse,
269 3898 304 3951 ut
324 3888 354 3950 id
374 3889 473 3969 ipsum
495 3889 583 3951 etium
606 3889 637 3950 in
659 3910 685 3952 a.
703 3889 764 3951 734
786 3893 895 3952 iactum
911 3907 1049 3950 essenon
1071 3889 1135 3950 sine
1149 3908 1236 3950 eausa
1251 3887 1407 3968 suspicere.
1447 3887 1521 3948 Sue-

171 3991 271 4055 tonius
293 4011 409 4073 quoque
431 4013 456 4054 c.
473 3993 514 4054 26
537 3994 705 4055 consulatus
728 3994 837 4055 multos
859 3993 915 4055 sibi
937 3992 1047 4054 deletos
1062 3994 1227 4072 Augustum
1250 3993 1291 4053 ait
1305 4009 1465 4054 recusasse.
1481 4025 1521 4034 —-

170 4096 255 4169 Quod
282 4095 324 4158 ait
350 4096 427 4157 idem
449 4095 502 4158 Dio
525 4097 575 4169 54,
600 4097 638 4159 10
662 4098 827 4176 Augustum
850 4115 875 4158 e.
900 4096 961 4158 735
987 4105 1162 4176 potestatem
1190 4096 1371 4157 consulerem
1393 4095 1425 4156 iu
1447 4094 1523 4156 uitae

170 4209 289 4280 tempus
319 4200 481 4271 admisisse,
510 4217 569 4261 non
593 4199 689 4262 solum
711 4200 858 4262 diversum
882 4210 928 4261 est
949 4201 1029 4281 (nem
1053 4199 1149 4282 potuit
1171 4200 1354 4262 consulatum
1378 4217 1521 4270 recusare,

170 4303 299 4385 recipere
328 4304 510 4365 consulerem
538 4303 743 4385 potestatem),
775 4303 826 4366 sed
852 4311 948 4365 totum
975 4304 1133 4379 ficticium
1163 4323 1231 4365 nem
1254 4313 1283 4366 et
1309 4322 1411 4366 omnes
1433 4303 1522 4366 ceteri

170 4417 306 4472 unctores
327 4406 358 4469 id
378 4407 515 4487 ignorant
536 4415 566 4468 et
587 4408 651 4488 ipse
666 4408 813 4487 Augustus
836 4407 1002 4487 significans
1024 4407 1053 4482 2,
1078 4409 1106 4469 5.
1129 4406 1147 4469 8
1171 4407 1292 4471 secundi
1313 4416 1344 4469 et
1359 4407 1437 4470 tertii
1452 4426 1523 4469 cen·

170 4530 223 4574 sus
252 4529 339 4586 ceusu
366 4510 517 4572 consulere
538 4510 696 4593 imperium
718 4529 750 4573 se
772 4511 934 4592 suscepisse
957 4531 991 4574 eo
1012 4520 1161 4593 praetereo
1183 4530 1214 4572 se
1237 4530 1325 4574 usum
1347 4529 1413 4573 esse
1437 4519 1523 4592 neget

170 4611 360 4695 (Stootsrecltt
380 4611 400 4673 2
421 4631 451 4693 p.
467 4611 551 4692 836).
577 4614 580 4619 ’
