3525 5417
290 400 310 464 2
909 395 932 462 Ι,
955 398 1022 452 1-3

290 597 315 640 c.
339 576 404 638 blai.
420 565 478 636 ⁶11.
528 575 557 636 ls
583 573 662 635 enim
693 573 734 635 ait
760 573 924 654 prodigium
952 583 1071 636 centum
1099 574 1160 636 dies
1187 594 1254 638 eum
1283 576 1428 640 victurum
1457 597 1522 640 esse
1550 578 1639 658 signi·

289 683 380 744 ficans
404 681 456 742 sub
478 680 552 741 idem
573 689 682 758 tempus
703 677 834 738 evenisse
856 697 916 757 quo
938 679 1064 740 lustrum
1088 671 1234 742 conderet.
1271 679 1402 760 lienique
1423 681 1454 743 in
1476 682 1541 744 loco
1559 684 1586 756 l,
1602 681 1639 744 30

289 786 384 848 lacero
406 783 539 864 quidem,
568 781 619 843 sed
647 780 698 842 ubi
719 789 798 843 certa
820 781 978 863 septenarii
1000 783 1115 844 numeri
1137 782 1257 862 vestigia
1279 782 1310 844 in
1333 784 1450 846 Graecis
1473 795 1639 866 supersunt,

288 908 374 971 agere
401 907 433 950 se
459 886 529 948 dicit
555 885 627 946 baec
653 883 830 947 scribentem
862 885 1047 948 tribuniciam
1077 894 1251 967 potestatem
1275 886 1454 967 trigesimam
1477 890 1640 970 sepu'mam,

289 1013 364 1075 quae
386 991 483 1073 coepit
504 991 551 1053 die
573 989 614 1049 27
630 988 694 1050 lun.
710 1006 735 1049 a.
753 989 824 1050 767.
869 989 990 1051 Videtur
1011 989 1101 1068 igitur
1123 989 1308 1070 conscriptus
1324 1008 1388 1052 esse
1404 990 1518 1054 bbellus
1534 1001 1640 1054 aestate

288 1119 314 1161 a.
338 1097 409 1172 767,
431 1104 499 1157 ante
520 1112 608 1173 quam
623 1093 774 1171 llugustus
796 1100 928 1154 extremo
950 1093 1055 1155 itinere
1077 1094 1107 1155 in
1124 1093 1312 1174 Campaniam
1336 1113 1368 1156 se
1389 1097 1552 1171 conlerret3
1575 1115 1639 1158 nam

288 1222 355 1266 cum
384 1200 461 1282 apud
488 1196 615 1276 virgines
637 1195 767 1258 Vestales
794 1197 944 1278 depositus
967 1197 1007 1258 sit
1027 1215 1085 1259 una
1108 1216 1175 1259 cum
1199 1205 1388 1272 testamento,
1413 1197 1522 1260 Romae
1544 1200 1640 1280 potius

287 1326 356 1369 eum
383 1303 501 1368 dictavit
522 1301 672 1379 Augustus
699 1318 788 1379 quam
817 1301 848 1362 in
880 1301 986 1362 itinere
1018 1300 1076 1362 illo.
1121 1302 1160 1362 llt
1191 1300 1216 1361 si
1248 1311 1327 1364 recte
1360 1321 1391 1362 se
1424 1302 1534 1365 babent
1568 1323 1638 1384 quae

286 1411 362 1472 intra
384 1405 535 1471 observavi
553 1405 588 1467 ad
610 1423 674 1484 cap.
688 1422 734 1477 xv,
756 1403 906 1483 Augustus
928 1404 1007 1466 bunc
1029 1404 1153 1467 indicem
1178 1405 1303 1466 coniecit
1325 1406 1417 1468 multo
1432 1414 1509 1480 ante,
1533 1407 1641 1468 scibcet

287 1534 313 1576 c.
333 1534 359 1576 a.
383 1513 459 1586 750,
487 1529 519 1571 ea
547 1525 616 1571 vero
638 1525 712 1586 quae
734 1507 905 1587 posterioris
931 1507 1033 1570 aetatis
1056 1517 1140 1580 sunt,
1163 1508 1362 1588 supplementi
1382 1509 1445 1570 loco
1467 1517 1569 1590 postea
1590 1510 1640 1572 ad-

287 1617 377 1691 didit3
398 1626 428 1678 et
449 1632 517 1676 rere
539 1631 572 1674 ea
594 1629 772 1692 quamquam
796 1611 888 1673 multa
911 1613 1039 1673 etruria
1062 1611 1161 1673 omnia
1182 1612 1221 1673 ita
1244 1623 1411 1693 comparata
1432 1623 1515 1688 sunt,
1539 1623 1573 1676 ut
1594 1633 1640 1675 se·

287 1722 383 1784 cunda
404 1717 576 1781 recensione
597 1714 671 1776 adici
691 1713 849 1796 potuerint.
879 1715 1064 1794 Quamquam
1087 1723 1165 1776 recte
1187 1717 1310 1777 tortasse
1326 1715 1468 1796 Bergiius
1490 1736 1518 1797 p.
1536 1718 1555 1778 4
1577 1726 1640 1778 tur-

286 1825 387 1888 batum
410 1823 489 1884 illius
510 1819 614 1900 capitis
636 1818 769 1881 ordinem
792 1836 927 1879 revocare
950 1817 1053 1880 maluit
1074 1818 1109 1879 ad
1134 1818 1291 1880 memoriae
1313 1820 1428 1900 lapsum
1451 1820 1487 1881 ab
1509 1821 1639 1900 llugusto

287 1948 357 1991 mox
378 1925 566 1990 emendatum
589 1922 769 2003 imperfecte,
792 1941 846 1984 nec
867 1922 993 1983 multum
1018 1921 1059 1982 illi
1081 1941 1163 1983 meae
1178 1922 1362 1984 coniecturae
1379 1922 1567 1985 tribuendum
1583 1933 1635 1985 est„

286 2032 319 2093 Ei
340 2028 552 2092 Hirschfeldius
578 2047 607 2107 p.
630 2026 692 2087 264
721 2045 781 2088 non
809 2025 902 2105 magis
928 2025 1070 2087 adsensus
1098 2025 1217 2087 alteram
1242 2025 1404 2101 substituit,
1427 2035 1495 2108 post
1524 2037 1638 2108 tempus

287 2135 396 2198 adiecta
418 2151 483 2195 esse
505 2130 599 2211 capita
622 2130 680 2191 duo
702 2139 831 2191 extrema
853 2147 938 2190 xxxiv
960 2138 990 2191 et
1010 2147 1092 2204 xxxv,
1115 2128 1224 2210 quippe
1245 2148 1320 2208 quae
1341 2130 1462 2192 liberius
1483 2149 1565 2193 versa
1580 2131 1638 2193 sint

286 2258 375 2320 quarn
397 2236 522 2316 reliqua,
549 2234 629 2314 quod
658 2242 756 2294 tamen
785 2232 826 2294 ita
855 2251 921 2294 esse
950 2231 1023 2294 mihi
1049 2249 1233 2311 nequaquam
1256 2232 1400 2312 probavit.
1422 2268 1463 2278 -
1485 2233 1637 2314 Inscriptio

286 2345 358 2405 baec
384 2357 563 2421 quamquam
585 2355 646 2398 non
668 2346 714 2398 est
734 2335 873 2409 auctoris,
896 2355 964 2397 cum
988 2335 1147 2397 Suetonius
1169 2354 1232 2396 eam
1256 2335 1349 2410 norit,
1376 2336 1406 2397 in
1429 2337 1586 2418 archetypo
1607 2337 1636 2398 in

285 2446 359 2510 urbe
383 2443 534 2527 proposito
561 2440 688 2504 adfuerit
714 2458 833 2501 necesse
861 2449 924 2514 est,
954 2437 1033 2500 venit
1062 2439 1151 2518 igitur
1172 2458 1188 2499 a
1210 2438 1327 2501 Tiberio
1356 2449 1408 2500 aut
1433 2449 1512 2501 certe
1534 2441 1571 2502 ab
1593 2460 1635 2510 eo,

283 2551 331 2614 cui
352 2549 489 2611 'liberius
518 2549 554 2608 de
580 2565 613 2607 ea
641 2563 673 2605 re
702 2543 867 2616 mandarat,
895 2543 950 2603 bac
971 2541 1081 2603 scilicet
1103 2543 1197 2603 lorma
1219 2551 1374 2623 concepta:
1402 2561 1449 2606 res
1468 2553 1562 2625 pestus
1584 2545 1639 2606 dor

283 2655 416 2735 depasti,
443 2651 544 2734 pulsu
570 2649 667 2711 orbem
693 2659 840 2710 tenorum
865 2649 983 2726 impen'o
1009 2645 1110 2726 populi
1128 2644 1254 2708 llomcnl
1275 2645 1402 2720 selbod,
1431 2657 1458 2708 et
1485 2651 1636 2726 impensae,

283 2777 354 2840 puna
380 2760 411 2818 in
436 2774 500 2816 rem
518 2751 665 2834 publicum
685 2749 877 2831 popadcmpue
899 2747 1064 2810 llonauncm
1089 2751 1173 2829 [οοίες
1201 2767 1267 2811 nam
1295 2749 1407 2829 reliqua
1429 2759 1564 2830 apertum
1594 2760 1637 2812 est

282 2860 313 2922 in
340 2857 487 2941 provincia
514 2855 635 2917 demum
657 2852 822 2926 accessisse,
846 2860 876 2913 et
898 2861 977 2913 reete
999 2852 1116 2914 monuit
1138 2851 1292 2933 Zumptius
1315 2853 1494 2932 ineleganter
1516 2853 1574 2915 dici
1594 2873 1638 2915 rea

279 2974 371 3045 pestes
399 2973 426 3024 et
446 2965 588 3040 impensos
608 2951 737 3020 maios.
763 2955 879 3019 Scilicet
902 2965 1044 3036 utsupra
1067 2956 1347 3030 demonstravimus,
1370 2957 1522 3037 inscriptio
1545 2957 1584 3019 ita
1605 2967 1637 3019 nt

280 3067 387 3148 legitur
409 3063 554 3145 descripta
576 3069 623 3123 est
637 3080 673 3122 er
687 3060 801 3133 litteris,
824 3058 932 3138 quibus
947 3058 1119 3121 adiunctum
1134 3058 1259 3139 dugusu'
1274 3059 1519 3122 commentarium
1536 3061 1635 3122 Latine

281 3179 311 3233 et
333 3171 441 3232 Graece
462 3170 575 3249 legatus
597 3164 725 3228 Galatiae
747 3165 784 3226 ad
805 3161 972 3245 prouinciae
993 3181 1063 3224 suae
1086 3162 1217 3224 civitates
1241 3161 1330 3224 misit.

850 3468 1026 3547 OAPV'P
1052 3469 1074 3545 I

354 3673 420 3717 car.
438 3655 493 3729 l,1
524 3650 625 3712 Mnds
653 3646 834 3728 undeuiginti
866 3657 955 3711 natus
984 3649 1146 3710 exercitum
1174 3646 1287 3729 prirdto
1316 3647 1438 3710 consilio
1466 3659 1496 3711 et
1524 3648 1634 3731 privati

478 3775 493 3818 n
521 3752 655 3835 impensi
674 3751 679 3835 Ι
698 3752 878 3834 comperiri,
902 3753 939 3831 [ᾗ]
960 3771 1013 3832 per
1034 3771 1123 3832 quern
1150 3771 1214 3814 rem
1243 3751 1391 3832 pubbcam
1419 3752 1635 3832 [dolminatione

478 3879 491 3922 s
520 3856 656 3920 factionis
678 3874 848 3937 oppressam
868 3852 875 3939 Ι
893 3856 924 3917 in
945 3855 1109 3917 bbertatem
1132 3854 1303 3934 vindicino}

343 3966 493 4039 cn.1,1n
516 3959 618 4026 Ἕτῶν
644 3959 837 4038 denudabis
865 3953 911 4020 siv
938 3956 975 4020 τὸ
1004 3954 1189 4041 στράτευμα
1214 3955 1278 4046 ἐμῇ
1303 3953 1415 4042 γνώμῃ
1438 3957 1494 4020 καὶ
1518 3955 1523 4041 Ι
1543 3957 1636 4042 ἐμοῖς
1734 4043 1735 4057 ¹

476 4083 490 4129 a
520 4061 753 4146 ddatldpaow
779 4056 982 4144 drudpaooh
1017 4059 1068 4124 δι’
1096 4053 1136 4124 οὗ
1166 4060 1210 4125 τὰ
1243 4058 1337 4126 κοινὰ
1371 4057 1560 4143 πράΙγματα
1592 4061 1635 4141 [ἐκ

477 4190 491 4234 t
519 4169 584 4253 ciple
605 4170 688 4247 cleiis
709 4165 1004 4247 oovolpooalpdruv
1026 4160 1471 4248 δουλήας1[ἢλου]οέ[ρωσα].

277 4301 297 4363 2
319 4303 512 4365 ammaum
532 4298 718 4380 propositum
740 4316 757 4359 a
780 4293 927 4358 Gronorio
949 4293 1022 4375 lapis
1044 4296 1206 4358 confirmat.

376 4401 632 4466 Undericesimum
661 4417 771 4462 annum
798 4397 904 4459 Caesar
933 4397 1059 4478 explerit
1084 4398 1131 4461 dic
1158 4397 1198 4460 23
1221 4400 1301 4479 Sept.
1329 4417 1355 4460 a.
1379 4399 1455 4473 710,
1485 4417 1544 4479 quo
1571 4399 1633 4481 ipso
1733 4435 1734 4450 t

275 4517 419 4590 tempore,
442 4506 552 4570 sedicet
573 4523 674 4568 mense
689 4501 820 4577 Octobri,
842 4499 1002 4563 exercitum
1026 4520 1128 4582 parare
1150 4501 1254 4584 coepit.
1288 4501 1332 4564 Er
1354 4501 1516 4564 Puteolano
1533 4501 1633 4565 Cicero

275 4612 310 4674 ad
333 4612 393 4674 tta
418 4611 467 4683 16,
491 4609 520 4685 8,
544 4610 576 4670 l:
599 4610 728 4671 lobada's
749 4603 1007 4688 (Novembribus),
1038 4605 1148 4685 inquit,
1177 4606 1288 4669 litterae
1309 4603 1381 4666 nolli
1401 4605 1437 4667 ob
1459 4604 1632 4678 Octooa'cno3

273 4733 381 4798 mopso
408 4715 540 4789 molitum
567 4723 725 4786 canonos,
752 4714 851 4794 putem
877 4707 1000 4772 cautas·
1018 4719 1044 4770 et
1068 4707 1196 4773 Calatiae
1217 4719 1300 4784 sunt,
1324 4709 1464 4790 perducit
1490 4711 1530 4771 cd
1550 4727 1631 4772 mom

273 4823 450 4884 messiam.
494 4815 537 4880 (lt.
552 4815 742 4879 brumannus
766 4817 795 4890 1,
816 4814 889 4876 215.
933 4811 1050 4875 Privato
1072 4813 1194 4877 consilio
1215 4813 1386 4896 privataque
1408 4813 1543 4894 impensa
1564 4831 1629 4875 euru
