3525 5417
482 1737 512 1811 Ι.
552 1732 928 1813 MONVMENTVM
954 1730 1298 1810 ANOYRANVM.

311 1989 405 2051 Aedes
430 1986 555 2067 Augusti
588 1994 618 2047 ct
644 1985 753 2047 Romae
785 1983 860 2057 (ride
887 2002 976 2065 supra
997 2003 1026 2064 p.
1041 1986 1072 2058 x)
1094 1983 1224 2064 Ancyrae
1251 1985 1347 2047 adhuc
1372 1993 1522 2066 superstes
1548 2006 1565 2047 a

214 2091 388 2154 Christianis
410 2091 440 2152 in
463 2088 615 2151 ecclesiam
631 2105 769 2149 conversa
784 2086 961 2165 (Guillaume
976 2105 1004 2166 p.
1021 2086 1083 2148 296
1095 2087 1179 2166 sep),
1202 2086 1271 2148 inde
1285 2107 1302 2148 a
1317 2089 1432 2151 saeculo
1446 2107 1483 2149 xr
1497 2108 1565 2169 per-

212 2192 303 2255 tinuit
329 2194 514 2275 pertinetque
543 2190 630 2252 hodie
658 2190 693 2251 ad
721 2189 888 2251 moscheam
917 2188 1043 2251 lladschi
1066 2188 1193 2263 Beiram,
1222 2209 1276 2270 per
1303 2190 1420 2272 aliquod
1448 2201 1566 2272 tempus

213 2295 382 2357 coemeterii
416 2295 479 2357 loco
512 2314 529 2355 a
560 2286 662 2354 Turcis
697 2301 845 2372 usurpata.
896 2292 1122 2373 descripserunt
1139 2310 1217 2354 'eam
1244 2293 1421 2356 Teumeson
1448 2294 1567 2376 (voyage

211 2399 252 2461 do
279 2399 385 2461 levam
412 2397 446 2472 3,
467 2396 528 2458 315
556 2396 600 2457 ed.
625 2393 888 2474 Lugdun.1717);
923 2394 1045 2457 llinneir
1073 2396 1210 2475 &carm
1235 2396 1355 2478 tltroapl
1380 2400 1449 2460 Ario
1473 2402 1568 2460 maor

213 2502 338 2564 Londini
366 2501 447 2563 1818
473 2519 502 2580 p.
530 2498 599 2579 70);
637 2497 742 2559 'leuior
775 2500 961 2579 (description
994 2500 1027 2561 dc
1059 2498 1141 2561 l'dsie
1174 2504 1300 2562 mamre
1331 2500 1450 2563 Parisiis
1485 2500 1566 2564 1839

212 2625 258 2687 sq.
275 2608 290 2666 1
308 2625 336 2686 p.
356 2605 497 2685 172sq.);
520 2602 585 2665 Gul.
600 2601 749 2663 Hamilton
770 2602 943 2681 (reseorclrcs
956 2606 988 2665 ia
1003 2604 1070 2664 daia
1083 2604 1178 2664 mairor
1192 2602 1318 2665 londini
1335 2604 1416 2666 1842
1433 2605 1462 2678 1,
1477 2604 1567 2679 420);

211 2708 377 2789 exquibus
399 2706 623 2769 'lourneiortius
649 2704 680 2765 in
703 2704 806 2766 tabella
835 2724 894 2766 una
916 2714 946 2766 et
967 2704 1117 2767 Texierius
1140 2704 1170 2765 in
1193 2704 1299 2767 tabulis
1322 2724 1372 2767 sex
1394 2707 1448 2781 (64
1461 2707 1567 2785 -69)

212 2812 335 2874 aedificii
361 2814 488 2873 formam
515 2808 717 2891 depinxerunt.
763 2807 820 2868 Sed
842 2807 889 2868 his
910 2809 996 2887 longe
1019 2807 1134 2889 plenius
1156 2816 1186 2869 et
1207 2809 1371 2872 accuratius
1392 2810 1567 2873 lidmundus

211 2915 375 2977 Guillaume
397 2914 427 2975 in
451 2932 538 2995 opere
560 2910 725 2993 splendido,
754 2912 832 2991 quod
855 2912 1001 2974 edendum
1024 2909 1136 2973 curarit
1157 2929 1224 2972 cum
1249 2912 1335 2973 sociis
1358 2916 1455 2995 operis
1475 2914 1566 2976 Geor-

210 3016 258 3097 gio
273 3016 378 3078 Perrot
399 3024 429 3078 et
449 3016 523 3077 lulio
538 3014 639 3076 lielbet
660 3013 802 3094 inscripto
825 3015 1003 3095 explorative
1025 3014 1236 3096 orclre'ologa‘pue
1259 3016 1294 3078 dc
1316 3016 1346 3078 lo
1361 3015 1471 3080 Golota'e
1486 3029 1512 3080 et
1533 3018 1567 3079 de

210 3122 242 3183 ta
256 3120 395 3199 Bithynia,
418 3115 502 3181 d'uae
519 3121 613 3199 portic
636 3118 671 3179 de
692 3117 722 3178 lo
737 3116 834 3197 Mysia,
855 3119 889 3180 dc
912 3118 942 3180 lo
956 3119 1084 3197 Phrygio,
1107 3117 1140 3179 de
1162 3119 1192 3181 lo
1207 3116 1371 3199 cappadoce
1392 3131 1419 3182 ct
1434 3121 1473 3182 du
1487 3121 1567 3194 Post

210 3224 340 3285 aoinrtdc
367 3242 403 3285 ea
431 3221 509 3283 1861
534 3219 665 3299 (Parisiis
689 3219 780 3282 1872.
804 3220 823 3280 2
846 3221 912 3282 voll.
928 3220 991 3301 fol.)
1018 3220 1048 3281 in
1071 3219 1178 3282 tabulis
1201 3220 1334 3284 13-24.
1358 3222 1407 3285 30.
1424 3222 1462 3285 31
1487 3224 1568 3286 aedi-

210 3325 311 3387 ficium
341 3334 371 3387 et
398 3334 432 3387 ut
454 3324 539 3385 hodie
562 3322 693 3385 cernitur
714 3333 743 3385 et
766 3332 799 3385 ut
821 3323 891 3384 olim
914 3323 1031 3386 ridetur
1051 3324 1155 3394 fuisse,
1185 3334 1334 3404 praeterea
1355 3330 1480 3389 formam
1503 3328 1567 3389 eius

212 3436 244 3489 et
264 3436 363 3508 partes
385 3428 524 3507 quasdam
548 3424 734 3488 notabiliores
757 3427 986 3506 repraesentavit
1002 3426 1172 3506 tabulasque
1186 3447 1214 3507 p.
1232 3427 1399 3493 tes-320
1415 3430 1568 3508 diligenter

211 3539 243 3592 et
262 3532 355 3612 perite
377 3530 531 3592 enarravit.
568 3529 628 3591 Nos
650 3528 780 3591 aedilicio
804 3529 995 3591 describendo
1018 3549 1077 3591 non
1093 3529 1296 3606 immoramur,
1318 3533 1457 3613 quoniam
1472 3552 1505 3595 ea
1519 3552 1567 3595 res

211 3634 379 3716 provinciae
418 3642 537 3695 nostrae
575 3634 648 3693 lines
687 3632 835 3712 egreditur
870 3652 966 3713 neque
999 3633 1133 3714 pervenit
1165 3635 1199 3695 ad
1233 3634 1455 3716 inscriptionem
1489 3645 1567 3698 recte

214 3739 405 3801 tractandam.
444 3734 576 3799 Sufficiet
597 3736 781 3799 adnotarisse
804 3736 833 3798 in
857 3736 1018 3817 parietibus
1040 3737 1120 3798 aedis
1144 3736 1212 3798 olim
1236 3737 1388 3819 hexastyli,
1411 3760 1485 3820 quae
1507 3748 1567 3801 tota

211 3844 286 3904 iacta
308 3852 355 3904 est
376 3860 412 3902 ex
435 3858 581 3902 marmore
603 3839 683 3913 albo,
711 3838 766 3918 legi
793 3838 919 3901 indicem
951 3848 1010 3901 tarn
1033 3838 1135 3901 latine
1163 3858 1249 3919 quam
1274 3841 1391 3916 Graece,
1414 3852 1444 3903 ct
1467 3841 1567 3904 latine

212 3943 332 4027 quidem
360 3943 440 4005 intus
468 3943 498 4003 in
525 3960 636 4023 pronao
659 3960 711 4005 sex
732 3941 845 4022 paginis
874 3942 1064 4023 bipertitum,
1092 3952 1126 4004 ut
1148 3952 1207 4005 tres
1229 3944 1351 4025 paginae
1374 3945 1486 4025 priores
1509 3944 1569 4006 sint

214 4049 246 4109 in
273 4046 384 4127 pariete
411 4045 514 4126 pronai
540 4045 714 4124 ingredienti
741 4065 757 4107 a
788 4046 881 4117 laeva,
909 4064 925 4106 e
947 4045 1066 4125 regione
1088 4046 1125 4107 ad
1146 4046 1278 4109 dextram
1302 4056 1361 4109 tres
1382 4047 1568 4128 posteriores,

214 4150 322 4212 Graece
351 4158 449 4211 autem
484 4150 665 4211 extrinsecus
692 4149 723 4210 in
751 4147 862 4231 pariete
891 4148 979 4210 cellae
1005 4148 1107 4210 dextro
1136 4150 1249 4230 paginis
1278 4152 1459 4230 undeviginti
1487 4151 1568 4213 iuxta

212 4253 326 4335 positis.
370 4252 497 4315 Litterae
524 4251 572 4313 hic
592 4252 651 4314 illic
672 4252 757 4315 rubri
778 4252 882 4313 coloris
906 4252 1049 4314 evidentia
1072 4254 1192 4333 vestigia
1214 4264 1377 4317 servarunt.
1413 4254 1568 4334 Inscriptio

212 4363 337 4437 utraque
359 4373 419 4417 non
441 4373 476 4416 eo
498 4362 630 4435 tempore
652 4354 743 4418 ineisa
766 4364 824 4430 est,
852 4375 910 4435 quo
932 4356 1018 4417 aedes
1040 4359 1114 4417 lacta
1137 4366 1196 4430 est,
1223 4358 1275 4418 sed
1296 4366 1363 4437 post
1384 4357 1568 4420 intervallum

213 4469 245 4521 et
265 4468 300 4521 ut
322 4458 358 4520 ad
379 4457 577 4538 recipiendam
599 4478 663 4521 earn
686 4459 828 4539 quaedam
851 4460 880 4520 in
903 4459 1064 4541 parietibus
1086 4460 1259 4522 tollerentur
1281 4459 1326 4520 vel
1341 4457 1567 4542 mutarentur¹).

313 4700 334 4761 ¹}
353 4699 396 4751 tir
414 4698 559 4752 Gnillauno
577 4716 599 4766 p.
615 4699 678 4751 tae:
705 4698 776 4753 Norae
797 4715 904 4767 oropum
924 4716 971 4765 quo
996 4699 1020 4751 la
1040 4699 1135 4769 templa
1150 4698 1214 4750 aas
1230 4698 1326 4764 meod,
1344 4705 1420 4751 wart
1436 4700 1509 4766 qu'oa
1526 4699 1569 4753 adt

213 4800 245 4836 aa
267 4783 341 4836 Μία
361 4784 404 4852 dy
423 4784 512 4854 placer
532 4801 631 4838 murac
652 4788 818 4855 &seraptim
844 4786 880 4837 les
902 4786 972 4838 deux
990 4802 1118 4853 proauos,
1139 4790 1232 4837 autam
1254 4802 1302 4852 pas
1322 4800 1387 4837 arom
1404 4801 1517 4853 pouooaa
1538 4804 1569 4837 aa
