3525 5417
634 350 789 408 rrrrnrs
808 351 1030 412 rmvermvs
1442 362 1503 426 167

158 549 212 612 per
236 549 262 591 5.
286 532 357 592 751.
381 530 451 592 752.
496 529 569 592 Nam
591 550 660 593 curn
683 532 802 595 solitum
823 534 976 614 legationis
998 544 1116 616 tempus
1138 535 1298 598 triennium
1318 537 1415 611 luerit,
1437 538 1505 599 reli-

159 634 210 713 qui
227 633 268 695 ita
282 653 346 696 sese
361 633 519 714 excipiunt,
541 644 576 696 51
590 634 706 696 difficile
721 636 847 717 aliquem
868 638 964 699 ordini
985 639 1169 719 interponas;
1189 649 1220 701 et
1241 658 1419 720 quamquam
1442 640 1505 702 lieri

158 756 228 798 sane
250 746 356 818 potest,
387 747 421 799 ut
446 737 586 800 exciderit
605 757 684 800 unus
705 741 813 802 alterve
833 741 944 821 legatus
967 742 1227 805 administrationis
1250 743 1334 805 solita
1354 744 1504 818 brevioris,

156 839 205 900 vir
237 839 373 902 credibile
405 851 451 902 551
482 843 617 903 neutrius
649 843 910 907 administrationis
942 846 1028 924 legati
1067 845 1144 908 tituli
1178 845 1324 907 Tiburtini
1356 856 1506 927 praeterea

159 942 334 1004 memoriam
362 943 450 1005 ullam
480 963 633 1025 superesse
661 956 692 1008 51
721 966 828 1009 nomen
855 948 987 1010 eiusdem
1016 948 1071 1009 viri
1096 949 1127 1010 in
1153 949 1291 1011 laterculo
1316 949 1366 1010 illo
1392 950 1504 1012 duobus

157 1047 230 1108 locis
257 1046 424 1108 desiderari.
469 1047 564 1120 Quam
586 1050 709 1113 obrem
731 1051 846 1114 videtur
867 1051 893 1113 is
916 1054 951 1114 de
973 1071 1031 1132 quo
1053 1053 1150 1132 agitur
1171 1062 1201 1114 et
1219 1052 1362 1114 intereos
1377 1071 1504 1133 quorum

156 1150 279 1211 nomina
300 1149 455 1230 posuimus
477 1150 662 1230 quaerendus
684 1169 747 1211 esse
770 1159 800 1212 et
819 1150 939 1212 alteram
958 1159 1052 1212 utram
1068 1149 1242 1230 legationem
1257 1149 1504 1214 administravisse

156 1253 312 1314 55751.
334 1288 376 1298 -
402 1254 446 1315 Er
475 1273 562 1335 supra
593 1253 751 1315 nominatis
777 1263 893 1334 praeter
914 1253 1088 1329 Varronem,
1115 1273 1204 1334 quem
1230 1254 1358 1333 legatum
1380 1255 1505 1335 Augusti

156 1356 248 1418 fuisse
269 1357 450 1437 negavimus,
474 1368 507 1420 ut
526 1357 705 1438 antiquiores
719 1356 759 1419 ita
774 1357 945 1419 Ciceronem
959 1377 1076 1438 quoque
1091 1368 1121 1420 et
1134 1358 1245 1420 'litium
1260 1359 1362 1420 aetatis
1377 1359 1505 1420 rationes

155 1458 325 1533 excludunt,
359 1478 434 1540 quae
466 1461 513 1522 rix
540 1460 692 1541 patiuntur
714 1479 817 1522 eorum
839 1480 1016 1541 quemquam
1040 1481 1065 1523 5.
1089 1461 1151 1523 767
1173 1461 1347 1523 etiamtum
1373 1461 1404 1522 15
1433 1461 1504 1524 rivis

153 1562 256 1636 fuisse,
288 1564 414 1624 mammo
442 1582 509 1625 cum
532 1563 558 1625 is
580 1582 668 1644 quem
690 1563 860 1643 quaerimus
881 1563 926 1625 bis
951 1564 1049 1644 Syriae
1070 1564 1228 1646 5555155511
1253 1564 1351 1645 itaque
1380 1573 1504 1644 utraque

154 1665 272 1746 legatio,
302 1678 335 1728 ut
362 1667 469 1728 borum
498 1667 582 1729 alteri
612 1668 673 1729 utri
705 1666 799 1741 detur,
832 1675 901 1729 5515
927 1687 952 1729 5.
977 1667 1035 1729 731
1060 1667 1227 1730 5511555555
1259 1667 1306 1743 511,
1340 1667 1397 1730 5151
1429 1671 1504 1730 15515

156 1769 215 1831 boc
244 1768 330 1851 ponis
363 1769 497 1849 ignotum
525 1770 609 1831 illum
636 1770 763 1850 legatum
790 1770 922 1850 primum
949 1779 1016 1833 ante
1042 1791 1068 1834 a.
1092 1769 1162 1844 731,
1184 1770 1289 1832 551555
1309 1789 1362 1852 555
1383 1790 1408 1832 5.
1433 1773 1503 1833 751.

156 1872 220 1933 752
242 1872 341 1954 Syriae
363 1872 533 1954 5555151555.
576 1874 610 1934 15
632 1873 770 1936 Cicerone
792 1873 911 1948 accedit,
933 1874 1011 1954 quod
1033 1894 1049 1936 a
1071 1873 1173 1936 bellica
1193 1874 1279 1935 laude
1306 1892 1374 1936 eum
1396 1874 1504 1936 aluisse

155 1985 282 2038 constat.
325 1977 434 2038 Varum
457 1995 545 2039 nemo
565 1978 680 2057 ignorat
711 1977 851 2040 occidisse
872 1977 937 2038 viro
959 1977 1107 2056 Augusto;
1128 1986 1278 2059 practerea
1304 1996 1358 2058 pro
1385 1977 1504 2039 consule

153 2079 293 2154 Africam,
315 2098 376 2141 non
397 2079 495 2141 Asiam
517 2080 592 2142 rexit
611 2081 763 2160 (Borghesi
785 2099 852 2161 opp.
870 2083 898 2156 1,
921 2080 1006 2161 301).
1047 2081 1197 2144 Volusium
1219 2080 1409 2143 Saturninum
1432 2081 1504 2143 item

153 2192 271 2245 constat
292 2202 346 2264 pro
368 2184 489 2245 consule
509 2183 637 2246 Alricam
664 2183 885 2246 administrasse
906 2185 1057 2264 (borghesi
1078 2185 1097 2246 l.
1113 2204 1139 2247 5.
1154 2204 1183 2265 p.
1199 2183 1261 2246 312
1276 2185 1343 2264 sq).
1388 2185 1504 2247 Silanus

153 2305 225 2347 cum
248 2285 349 2366 Syriae
369 2296 438 2368 5551
458 2295 584 2349 mortem
606 2288 730 2368 Augusti
755 2306 891 2370 praeesse
917 2306 976 2349 non
998 2288 1125 2362 55515511,
1154 2287 1294 2350 51555555
1316 2287 1372 2350 1511
1392 2289 1503 2368 legatus

151 2407 217 2449 555
239 2387 298 2450 divi
318 2391 453 2469 Augusti,
476 2391 529 2452 sed
550 2390 608 2453 diri
630 2391 752 2471 Augusti
779 2390 874 2452 5111.
897 2389 1027 2452 Caesaris
1049 2390 1181 2469 Augusti.
1204 2390 1305 2453 —Et
1331 2391 1367 2452 ad
1396 2391 1503 2453 horum

152 2491 274 2571 quidem
301 2493 417 2555 nullum
447 2494 566 2557 titulum
588 2495 703 2575 dequo
725 2494 839 2574 agimus
872 2503 1004 2576 spectare
1030 2512 1133 2555 omnes
1160 2494 1363 2569 consentiunt3
1392 2501 1504 2556 restant

152 2605 225 2669 tres,
249 2595 299 2675 qui
319 2605 460 2676 patronos
481 2598 558 2659 nacti
581 2608 659 2672 5551,
682 2597 720 2658 lt.
736 2597 870 2678 Agrippa,
893 2597 924 2660 C.
941 2596 1061 2659 Sentius
1083 2595 1270 2671 Saturninus,
1298 2597 1331 2658 P.
1355 2596 1503 2678 Sulpicius

152 2697 316 2772 Quirinius.
338 2732 382 2745 —
402 2701 447 2761 Ad
467 2701 624 2783 Agrippam
651 2700 768 2763 titulum
798 2701 914 2763 rettulit
935 2699 1102 2762 Huscblrius
1124 2699 1207 2779 (older
1236 2701 1290 2762 den
1314 2699 1419 2761 055555
1447 2718 1504 2761 zur

151 2803 213 2866 Zeit
234 2803 285 2864 der
309 2801 416 2865 Cebort
434 2803 506 2866 Jeso
528 2802 634 2870 conso
652 2824 680 2885 5.
697 2804 736 2866 65
752 2804 820 2884 sq),
842 2805 894 2866 sed
915 2803 1053 2866 refutavit
1073 2813 1273 2865 commentum
1285 2802 1366 2865 nullo
1387 2803 1502 2883 negotio

152 2906 334 2985 borghesius
361 2907 451 2988 (apud
480 2907 650 2970 Homerum
672 2927 701 2968 n.
719 2907 801 2970 5366
817 2937 854 2961 =
870 2926 938 2988 opp.
955 2906 1113 2986 8,12655.
1136 2906 1197 2968 493
1220 2907 1296 2988 55.);
1329 2907 1439 2970 55111551
1471 2917 1504 2970 51

151 3008 209 3070 5115
236 3009 368 3083 mittam,
401 3009 527 3092 Agrippa
559 3029 721 3090 numquam
751 3029 804 3090 pro
837 3011 957 3074 consule
994 3009 1092 3071 Asiam
1131 3009 1344 3073 administravit
1375 3021 1405 3073 et
1436 3021 1503 3073 5515

151 3114 319 3192 Augustum
331 3122 468 3176 mortuus
479 3123 538 3189 est3
551 3113 582 3175 id
594 3132 671 3187 vero,
686 3134 745 3197 quo
756 3116 888 3193 conlegit
899 3113 1074 3188 Huschlrius,
1090 3113 1209 3175 titulum
1221 3113 1363 3195 Agrippae
1374 3114 1503 3194 positum

151 3234 219 3277 esse
234 3217 396 3296 imperante
407 3215 534 3291 Tiberio,
556 3236 651 3297 neque
667 3219 726 3280 ullo
739 3219 871 3299 exemplo
887 3217 1053 3279 defenditur
1067 3225 1146 3278 5155
1160 3215 1246 3298 plane
1260 3219 1408 3293 evertitur,
1424 3219 1504 3298 quod

151 3335 286 3379 marmor
307 3318 495 3381 Tiburtinum
518 3327 579 3381 tam
600 3330 719 3402 propter
743 3321 852 3394 locum,
880 3320 912 3382 in
939 3339 999 3401 quo
1024 3319 1178 3381 inventum
1200 3329 1252 3394 est,
1274 3338 1362 3399 quam
1384 3331 1504 3402 propter

151 3421 289 3484 habitum
304 3430 458 3484 externum
474 3422 537 3484 sine
553 3423 612 3485 ullo
626 3423 714 3485 dubio
728 3424 856 3504 elogium
871 3423 928 3486 luit
942 3422 1077 3504 sepulcri.
1088 3455 1131 3468 ·-
1143 3403 1336 3485 Saturninum
1350 3425 1505 3505 proposuit

150 3525 270 3605 primus
291 3525 495 3605 bergmannus
516 3526 607 3607 (apud
629 3526 1293 3608 (15555555551551551.5555155ν5.18565.
1312 3527 1384 3604 172)
1407 3529 1501 3609 primo

150 3627 234 3708 quod
248 3647 329 3690 5555
343 3639 389 3691 551
404 3629 481 3691 111511
495 3630 635 3693 uocabulo
649 3630 753 3692 mutilo
765 3630 951 3692 Germaniam
967 3638 1049 3692 ratus
1060 3630 1220 3706 nominari;
1235 3649 1324 3711 quam
1335 3629 1503 3711 opinionem

150 3751 223 3793 curn
239 3750 309 3792 mox
323 3731 386 3813 ipse
400 3732 560 3808 abiecisset,
577 3733 749 3795 delectione
765 3733 842 3796 tituli
856 3734 978 3796 edoctus
993 3733 1114 3808 veriora,
1129 3753 1192 3796 eam
1209 3733 1337 3814 suscepit
1349 3733 1503 3815 Zumptius

150 3853 209 3898 555
230 3835 331 3916 555515
352 3855 418 3897 eam
432 3837 588 3917 explicavit
609 3843 728 3910 (comm.
744 3837 893 3918 epigraph.
916 3837 1107 3917 212255.)
1129 3871 1172 3883 -
1194 3839 1301 3901 Contra
1324 3837 1375 3918 qui
1390 3838 1502 3918 primus

151 3940 190 4001 de
213 3938 298 4000 titulo
320 3939 473 4019 diligenter
506 3941 564 4019 egit
586 3940 818 4002 Sanclementius
851 3960 920 4003 eum
954 3960 1106 4022 superesse
1137 3941 1210 4003 dixit
1242 3960 1278 4002 er
1310 3949 1503 4003 monumento

150 4043 184 4105 P.
209 4042 332 4123 Sulpicii
353 4043 481 4116 Quirinii
503 4044 574 4119 (1.5.
597 4062 626 4124 p.
643 4042 717 4114 418)
740 4063 863 4124 eamque
893 4043 1099 4106 Sanclemeutii
1128 4043 1295 4125 opinionem
1325 4043 1376 4124 qui
1402 4052 1502 4125 555155

151 4147 183 4207 15
217 4164 282 4207 eam
314 4165 378 4208 rem
410 4147 626 4227 inquisiverunt
658 4147 754 4209 idonei
786 4154 921 4208 auctores
943 4167 1011 4210 cum
1044 4148 1092 4209 alii
1121 4155 1185 4210 tum
1208 4147 1385 4228 Borghesius
1408 4147 1438 4224 (l.
1454 4147 1502 4228 5.),

151 4248 309 4310 Henzenus
333 4247 367 4329 (l.
390 4252 440 4329 c.),
461 4249 655 4330 Nipperdeius
677 4251 725 4324 (ad
751 4250 818 4311 Tac.
845 4269 914 4311 ann.
942 4249 970 4325 3,
994 4249 1046 4326 48)
1070 4251 1200 4313 unanimi
1232 4270 1378 4313 consensu
1410 4250 1504 4313 secuti

152 4360 235 4414 sunt.
278 4351 379 4432 Neque
400 4371 454 4432 ego
476 4372 581 4415 noram
610 4366 640 4417 51
667 4355 849 4417 reconditam
880 4355 1042 4417 doctrinam
1070 4357 1203 4436 profero,
1234 4355 1285 4417 sed
1306 4354 1412 4416 iisdem
1433 4353 1503 4416 viris

152 4454 250 4517 doctis
282 4455 423 4517 adsensus
456 4457 582 4536 breriter
614 4458 822 4521 demonstrabo
854 4459 985 4539 primum
1018 4457 1137 4520 titulum
1170 4459 1205 4520 55
1232 4459 1262 4520 C.
1290 4459 1426 4522 Sentium
1449 4461 1503 4521 Sa-

152 4557 310 4620 turninum
326 4567 457 4639 spectare
478 4578 539 4622 non
559 4580 655 4642 posse,
678 4561 781 4624 deinde
802 4561 834 4623 in
856 4561 990 4642 Quirinio
1011 4579 1071 4624 non
1094 4563 1189 4625 solum
1212 4562 1284 4624 nilril
1305 4562 1428 4636 obstare,
1452 4563 1502 4625 sed

152 4661 262 4723 indicia
284 4681 400 4742 quoque
421 4682 496 4743 5555
517 4682 606 4746 55555
627 4664 839 4741 recensuimus,
861 4664 987 4727 55551555
1009 4666 1143 4730 omnium
1164 4666 1337 4748 primarium
1356 4666 1501 4749 duplicem
