3525 5417
250 273 293 335 24
850 262 874 328 1,
892 263 997 317 sa-sa

250 458 299 511 tus
321 449 371 527 (et.
394 447 431 521 3,
454 447 511 517 86,
536 447 564 506 7.
608 443 677 518 103,
701 444 751 523 4);
780 441 909 522 Dionysii
932 443 961 516 5,
983 442 1038 516 73,
1073 441 1123 504 ubi
1150 440 1274 504 dictator
1305 443 1412 505 dicitur
1437 440 1602 524 μόναρχος

250 549 399 631 πολέμου
420 572 455 612 τε
477 547 532 610 καὶ
555 545 683 630 εἰρήνης
698 545 753 608 καί
769 543 894 618 παντὸς
908 543 1009 608 ἄλλου
1026 541 1216 627 πράγματος
1230 539 1454 630 αὐτοκράτωρ,
1476 546 1602 628 Appiani

248 657 278 718 b.
294 676 318 718 c.
334 655 364 728 2,
380 653 430 727 23,
453 652 504 733 qui
525 650 697 731 Pompeium
722 649 817 712 solum
840 649 989 710 consulem
1013 651 1123 712 tactum
1139 667 1203 711 esse
1218 659 1318 712 narrat
1332 651 1379 724 ita,
1403 645 1445 722 ως
1467 646 1508 711 άν
1530 648 1602 728 ἔχοι

249 757 307 840 τήν
328 757 387 838 μὲν
410 751 564 830 ἐξουσίαν
585 751 784 830 δικτάτωρος
806 745 916 830 ἄρχων
938 747 1051 831 μόνος,
1074 749 1132 834 τήν
1153 749 1186 813 δ’
1209 748 1352 816 εὔθυναν
1373 748 1512 816 ὑπάτου.
1557 752 1602 814 Gt.

250 861 424 925 Stoutsrecbt
446 859 465 918 2
488 879 516 939 p.
535 857 605 920 136.
626 893 668 902 --
690 856 868 917 Dictaturam
892 874 917 915 a.
934 853 996 915 732
1019 855 1125 935 populo
1147 855 1294 934 flagitante
1315 876 1332 917 a
1355 865 1457 920 senatu
1472 857 1603 919 oblatam

252 985 316 1028 esse
338 966 470 1042 Augusto
497 980 592 1042 neque
618 961 654 1022 ab
683 980 719 1022 eo
741 966 886 1039 receptam
910 957 964 1019 Dio
987 958 1070 1030 54,1
1096 957 1135 1020 ita
1150 967 1281 1021 enarrat:
1309 956 1510 1041 πονούμενοι
1533 955 1603 1022 ὑπὸ

250 1092 285 1132 τε
310 1067 366 1151 τῆς
391 1060 492 1129 νόσου
520 1065 575 1126 καὶ
604 1058 669 1127 ὑπὸ
691 1063 750 1126 τοῦ
771 1058 871 1141 λιμοῖ
968 1063 1161 1142 νομίσαντες
1182 1057 1215 1124 oi
1235 1057 1392 1143 Ῥωμαῖοι
1416 1058 1471 1126 ου’-κ
1494 1059 1605 1136 ἄλλως

251 1174 349 1254 σφίσι
371 1168 473 1232 ταῦτα
494 1169 745 1250 συμβεβηκέναι,
768 1159 844 1227 ἄλλ’
867 1158 918 1227 ὅτι
941 1161 986 1247 μή
1008 1163 1064 1226 καὶ
1086 1161 1159 1228 τότε
1172 1160 1380 1228 ὑπατεύοντα
1395 1164 1451 1229 τὸν
1469 1163 1604 1244 Αὔγου-

252 1291 329 1338 στον
350 1270 455 1352 ἔσχον,
478 1269 663 1352 δικτάτωρα
685 1259 785 1332 αὐτὸν
806 1262 978 1351 ἠθέλησαν
1000 1270 1284 1348 προχειρίσασθαι
1292 1289 1303 1342 ·,
1322 1265 1378 1331 καὶ
1400 1267 1458 1353 τήν
1472 1293 1506 1332 τε
1522 1271 1606 1350 βου-

250 1376 310 1461 λήν
342 1372 611 1446 κατακλείσαντες
643 1371 676 1446 ές
706 1371 744 1436 τὸ
778 1370 951 1454 συνέδριον
983 1369 1218 1454 έπηνάγκασαν
1248 1372 1343 1434 τοῦτο
1367 1375 1604 1456 ψηφίσασθαι,

250 1477 465 1550 ἇπειλοῦντές
487 1492 575 1557 σφας
589 1469 822 1559 καταπρήσειν.
853 1475 909 1537 καὶ
925 1473 1008 1556 μετὰ
1021 1475 1124 1538 ταῦτα
1138 1473 1196 1549 τάς
1211 1472 1354 1560 ῥάβδους
1367 1475 1426 1549 τὰς
1440 1479 1605 1556 τέσσαρας

250 1583 306 1645 καὶ
340 1583 445 1643 εἴκοσι
478 1575 633 1659 λαβόντες
660 1577 858 1663 προσῆλθον
887 1573 974 1655 αι’τῷ
1001 1575 1187 1659 δικτάτωρά
1212 1598 1247 1641 το
1274 1573 1343 1660 ἅμα
1370 1576 1523 1661 δεόμενοι
1551 1579 1605 1643 λε-

251 1687 375 1769 χθῆναι
398 1681 453 1745 καὶ
477 1677 676 1764 ἐπιμελητήν
696 1682 755 1744 τοῦ
777 1684 870 1744 σίτου
886 1677 1043 1762 καθάπερ
1059 1681 1140 1744 ποτὲ
1154 1681 1211 1745 τὸν
1228 1679 1407 1765 Πομπήιον
1425 1683 1603 1760 γενέσθαι·

251 1789 305 1851 καί
329 1782 481 1861 ὅςτοῦτο
506 1783 567 1867 μὲν
588 1781 773 1861 ἀναγκαίως
795 1782 927 1857 ἐδέξατο
951 1830 1042 1847 .....
1064 1783 1123 1867 τήν
1142 1783 1179 1849 δὲ
1194 1783 1430 1868 δικτατωρείαν
1445 1781 1484 1849 οὗ
1499 1801 1605 1867 προσ-

250 1890 364 1976 ήκατο,
392 1885 476 1951 ἀλλὰ
503 1888 557 1950 καὶ
586 1882 646 1970 τήν
674 1885 804 1971 ἐσθῆτα
830 1886 1151 1972 προσκατεῤῥήξατο,
1181 1886 1298 1972 ἐπειδή
1326 1887 1452 1971 μηδένα
1478 1887 1606 1970 τρόπον

251 1993 357 2066 ἄλλως
384 2011 472 2071 ση-ας
501 1989 653 2070 έπισχετν
682 1987 762 2073 μήτε
790 1986 1020 2071 διαλεγόμενος
1041 1988 1122 2072 μήτε
1143 1989 1298 2071 δεόμενος
1320 1988 1481 2075 ἠδυνήθη.
1526 1994 1605 2056 Cou-

252 2099 375 2160 veniunt
395 2095 520 2156 Velleius
543 2094 578 2166 2,
602 2094 657 2165 89,
680 2097 715 2155 5;
744 2095 916 2156 dictaturam
943 2113 1029 2177 quum
1052 2099 1235 2175 pertinaciter
1260 2099 1288 2158 ci
1312 2096 1456 2177 deferebat
1478 2097 1607 2177 populas

253 2214 311 2265 tum
330 2210 491 2263 constanter
509 2199 631 2280 reperim
654 2197 812 2260 Suetonius
827 2199 900 2277 Aug.
918 2197 971 2259 52:
997 2198 1167 2260 dictaturam
1183 2216 1288 2278 mayoc
1309 2202 1340 2258 ui
1353 2197 1487 2280 offerente
1500 2199 1606 2279 populo

255 2325 330 2388 ηαιιι
351 2309 445 2366 umas
470 2303 575 2364 deiecta
605 2302 640 2363 ob
669 2305 776 2362 umeris
803 2311 867 2380 topa
894 2301 971 2362 audo
997 2313 1107 2382 pectore
1137 2303 1303 2380 deprecatos
1324 2312 1379 2372 αι’,
1407 2300 1552 2363 Eusebius
1574 2302 1605 2363 in

255 2408 392 2470 chronico
414 2407 448 2467 ad
473 2423 498 2465 a.
513 2405 582 2465 Abr.
601 2404 681 2465 1991
704 2404 765 2465 sive
787 2403 869 2464 urbis
892 2401 953 2465 732
976 2404 1053 2483 (vide
1075 2425 1102 2485 p.
1119 2406 1185 2478 tat:
1213 2400 1404 2482 Αὔγουστος
1424 2407 1608 2485 μοναρχίαν

252 2506 515 2592 έγχειριζομένην
542 2502 728 2578 ἀπεώσατο,
754 2516 890 2586 εποίησε
918 2514 952 2567 ut
978 2507 1052 2569 solet
1073 2507 1176 2570 Florus
1200 2508 1233 2580 2,
1257 2506 1296 2569 13
1322 2509 1359 2584 [4,
1382 2507 1412 2581 2,
1435 2507 1485 2585 91]
1509 2507 1559 2585 (ai.
1576 2508 1606 2582 2,

253 2615 294 2677 34
310 2616 349 2693 [4,
368 2612 416 2683 12,
432 2612 495 2689 65])
517 2613 683 2690 Augustum
705 2610 879 2672 adseverans
902 2609 939 2672 ob
962 2612 1036 2672 tacta
1058 2611 1184 2691 ingentia
1206 2621 1336 2673 creatum
1353 2628 1418 2672 esse
1433 2611 1606 2673 dictatorem

252 2724 444 2797 perpetuum,
470 2722 500 2774 et
521 2732 589 2774 cum
612 2712 698 2774 Floro
720 2725 822 2775 auctor
843 2712 879 2774 de
901 2713 972 2774 viris
994 2714 1032 2774 ill.
1058 2715 1108 2788 79,
1131 2717 1160 2776 4.
1205 2714 1254 2776 Bis
1277 2713 1449 2775 dictaturam
1473 2714 1608 2794 Augusto

254 2818 379 2880 oblatam
403 2834 467 2878 esse
489 2815 618 2896 primum
641 2816 764 2888 absenti,
787 2815 891 2877 deinde
913 2817 1059 2896 praesenti
1082 2838 1117 2880 er
1139 2819 1201 2882 solo
1223 2817 1318 2880 indice
1339 2816 1528 2896 intellegitur,
1550 2817 1609 2879 nisi

253 2921 332 3002 quod
359 2919 516 3001 pertinacia
542 2919 643 2999 populi
665 2920 742 2999 apud
764 2919 904 2980 Velleium
928 2921 1029 2982 eodem
1054 2921 1155 2983 tendit.
1199 2921 1328 3002 Utraque
1350 2919 1457 2982 oblatio
1479 2939 1547 2982 cum
1571 2920 1608 2982 ad

255 3025 381 3086 eundem
404 3041 514 3084 annum
537 3025 695 3094 referatur,
717 3021 874 3083 consimile
897 3031 943 3084 est
964 3041 1038 3102 quae
1062 3023 1113 3084 llio
1136 3034 1235 3087 narrat
1256 3026 1292 3086 de
1315 3033 1417 3086 senatu
1441 3022 1471 3085 in
1495 3023 1606 3085 curiam

254 3128 368 3199 clauso,
400 3125 540 3188 accidisse
570 3125 692 3187 Caesare
726 3136 807 3189 extra
833 3126 951 3197 urbem,
985 3135 1055 3207 puta
1087 3127 1117 3188 in
1145 3127 1310 3208 Campania,
1334 3134 1466 3189 morante
1500 3127 1609 3206 (neque

256 3229 394 3293 credibile
416 3238 462 3290 est
488 3228 632 3290 eiusmodi
663 3230 763 3291 turbas
790 3229 853 3290 lieri
879 3227 1011 3310 potuisse
1033 3228 1098 3310 ipso
1119 3229 1331 3311 inspectante),
1359 3229 1462 3292 deinde
1485 3248 1553 3291 eum
1577 3228 1609 3290 in

256 3334 358 3394 urbem
388 3350 538 3394 reversum
568 3331 740 3394 dictaturam
768 3351 933 3404 recusasse,
961 3333 1100 3412 populum
1130 3344 1227 3395 autem
1251 3333 1358 3394 iterum
1380 3331 1527 3413 praesenti
1549 3333 1609 3394 iam

255 3437 348 3497 iasces
378 3444 519 3514 quattuor
544 3444 574 3496 et
600 3435 703 3515 viginti
730 3435 881 3497 obtulisse.
944 3435 1089 3516 Populum
1117 3455 1170 3499 cur
1197 3446 1264 3499 ante
1296 3446 1430 3499 senatum
1458 3437 1609 3516 Augustus

258 3540 400 3610 nominet,
424 3536 551 3599 narratio
573 3537 673 3599 Diouis
696 3539 828 3619 explicat,
851 3547 881 3600 et
903 3543 981 3600 reete
998 3539 1138 3619 bergltius
1161 3541 1286 3603 eundern
1310 3539 1443 3602 ordinem
1466 3539 1554 3600 etiam
1577 3539 1609 3601 in

255 3641 366 3703 Latinis
396 3640 547 3721 flagitavit.
578 3642 654 3704 male
682 3661 750 3704 vero
776 3642 881 3704 collato
908 3641 971 3704 loco
994 3642 1023 3716 2,
1050 3644 1064 3703 1
1090 3643 1137 3705 hic
1158 3643 1244 3706 scribi
1273 3643 1374 3705 iussit:
1406 3646 1487 3708 iussu
1510 3643 1614 3723 populi

255 3757 281 3808 et
302 3755 426 3807 smatm.

278 4073 343 4114 tar.
362 4055 389 4127 1,
405 4072 432 4115 aa
447 4072 474 4114 ss
503 4053 576 4132 [Noa
597 4057 728 4115 recusavi
748 4057 778 4115 ιἰι
799 4073 911 4116 ιιιιιιιιιο
929 4051 934 4137 Ι
953 4054 1096 4134 stramenti
1113 4055 1259 4134 p]anuri[a
1281 4054 1489 4133 eiuratiolnelm
1506 4055 1612 4132 anino·

445 4176 470 4220 aa
499 4177 562 4225 aue,
585 4158 680 4238 qulam
703 4156 742 4218 ita
762 4157 984 4234 administravi,
1012 4167 1043 4216 ut
1066 4201 1158 4216 .....
1189 4156 1311 4240 {porrois
1337 4159 1444 4236 diabole
1474 4168 1554 4220 metu
1580 4168 1611 4221 el

446 4281 471 4322 as
498 4261 635 4341 per[rlc[lo
658 4279 712 4342 qao
733 4271 796 4322 erat
806 4261 957 4341 popululm
974 4261 1149 4338 uniuersum
1164 4265 1232 4324 meis
1247 4258 1387 4341 impertisti
1403 4261 1577 4340 liberareml
1593 4265 1611 4338 ᾗ

320 4383 367 4426 aa.
383 4364 412 4437 3,
430 4385 469 4426 5ο
502 4359 548 4425 Ori
578 4360 817 4447 παρητησάμην
839 4364 906 4443 (sic)
933 4363 968 4426 δν
997 4367 1036 4451 τῇ
1066 4367 1202 4446 μεγίστη
1223 4365 1227 4446 l
1248 4364 1325 4442 [τοὺ]
1352 4365 1467 4442 σ[ίι]ου
1490 4357 1613 4428 σπάνει

454 4485 467 4527 r
496 4463 555 4549 τήν
577 4465 774 4549 ἐπιμέλειαν
795 4467 850 4548 τής
872 4463 1005 4548 ἀγοράς,
1026 4461 1066 4549 ήν
1088 4459 1450 4551 οἶ1[τωςέπετήδιυ]σα,
1474 4463 1553 4530 ὥστ’
1576 4465 1612 4530 έν

455 4585 469 4630 8
499 4563 628 4643 ὀλίγαις
656 4565 802 4651 ήμέρα[ις
831 4570 899 4647 το]ῦ
926 4562 1089 4653 παρόντος
1109 4567 1114 4652 Ι
1134 4566 1242 4653 φόβου
1265 4572 1320 4633 καὶ
1343 4569 1516 4650 subtilisma
1538 4579 1611 4642 ταῖς

457 4691 469 4733 a
499 4669 596 4754 έμαΐς
618 4670 785 4746 δαπάναις
806 4665 866 4736 τδν
888 4669 992 4756 δῆμον
1011 4668 1016 4756 1
1035 4671 1289 4758 ἐλευθερῶσαίι].
