<?xml version="1.0" encoding="UTF-8"?>
<!DOCTYPE html PUBLIC "-//W3C//DTD XHTML 1.0 Transitional//EN"
    "http://www.w3.org/TR/xhtml1/DTD/xhtml1-transitional.dtd">
<html xmlns="http://www.w3.org/1999/xhtml" xml:lang="en" lang="en">
 <head>
  <title>
</title>
<meta http-equiv="Content-Type" content="text/html;charset=utf-8" />
  <meta name='ocr-system' content='tesseract 3.04.00' />
  <meta name='ocr-capabilities' content='ocr_page ocr_carea ocr_par ocr_line ocrx_word'/>
</head>
<body>
  <div class='ocr_page' id='page_1' title='image "./resgestaediviau00mommgoog_0016.png"; bbox 0 0 3525 5417; ppageno 0'>
   <div class='ocr_carea' id='block_1_1' title="bbox 230 316 257 386">
    <p class='ocr_par' dir='ltr' id='par_1_1' title="bbox 230 316 257 386">
     <span class='ocr_line' id='line_1_1' title="bbox 230 316 257 386; baseline 0 -15"><span class='ocrx_word' id='word_1_1' title='bbox 230 316 257 386; x_wconf 83' lang='lat' dir='ltr'><strong>x</strong></span> 
     </span>
    </p>
   </div>
   <div class='ocr_carea' id='block_1_2' title="bbox 117 494 1583 2230">
    <p class='ocr_par' dir='ltr' id='par_1_2' title="bbox 230 494 1581 784">
     <span class='ocr_line' id='line_1_2' title="bbox 231 494 1580 579; baseline -0.004 -19"><span class='ocrx_word' id='word_1_2' title='bbox 231 517 290 560; x_wconf 91' lang='lat' dir='ltr'><strong>non</strong></span> <span class='ocrx_word' id='word_1_3' title='bbox 310 506 408 577; x_wconf 87' lang='lat' dir='ltr'><strong>potest</strong></span> <span class='ocrx_word' id='word_1_4' title='bbox 423 497 462 559; x_wconf 91' lang='lat' dir='ltr'><strong>ibi</strong></span> <span class='ocrx_word' id='word_1_5' title='bbox 478 507 580 579; x_wconf 78' lang='lat' dir='ltr'><strong>utpote</strong></span> <span class='ocrx_word' id='word_1_6' title='bbox 594 498 625 559; x_wconf 91' lang='lat' dir='ltr'><strong>in</strong></span> <span class='ocrx_word' id='word_1_7' title='bbox 640 498 752 560; x_wconf 91' lang='lat' dir='ltr'><strong>colonia</strong></span> <span class='ocrx_word' id='word_1_8' title='bbox 767 496 873 559; x_wconf 91' lang='lat' dir='ltr'><strong>cirium</strong></span> <span class='ocrx_word' id='word_1_9' title='bbox 889 497 1089 560; x_wconf 85' lang='lat' dir='ltr'><strong>Romanorum</strong></span> <span class='ocrx_word' id='word_1_10' title='bbox 1105 497 1295 578; x_wconf 76' lang='lat' dir='ltr'><strong>archetypum</strong></span> <span class='ocrx_word' id='word_1_11' title='bbox 1311 514 1428 576; x_wconf 88' lang='lat' dir='ltr'><strong>quoque</strong></span> <span class='ocrx_word' id='word_1_12' title='bbox 1443 494 1580 556; x_wconf 86' lang='lat' dir='ltr'><strong>Latinum</strong></span> 
     </span>
     <span class='ocr_line' id='line_1_3' title="bbox 230 598 1581 682; baseline -0.001 -21"><span class='ocrx_word' id='word_1_13' title='bbox 230 601 299 662; x_wconf 91' lang='lat' dir='ltr'><strong>olim</strong></span> <span class='ocrx_word' id='word_1_14' title='bbox 322 600 496 681; x_wconf 79' lang='lat' dir='ltr'><strong>prostitisse.</strong></span> <span class='ocrx_word' id='word_1_15' title='bbox 533 601 613 674; x_wconf 84' lang='lat' dir='ltr'><strong>Quae</strong></span> <span class='ocrx_word' id='word_1_16' title='bbox 629 600 814 663; x_wconf 91' lang='lat' dir='ltr'><strong>monumenti</strong></span> <span class='ocrx_word' id='word_1_17' title='bbox 834 600 957 680; x_wconf 86' lang='lat' dir='ltr'><strong>insignis</strong></span> <span class='ocrx_word' id='word_1_18' title='bbox 972 600 1087 681; x_wconf 91' lang='lat' dir='ltr'><strong>publica</strong></span> <span class='ocrx_word' id='word_1_19' title='bbox 1101 600 1262 682; x_wconf 84' lang='lat' dir='ltr'><strong>propositio</strong></span> <span class='ocrx_word' id='word_1_20' title='bbox 1276 598 1493 680; x_wconf 89' lang='lat' dir='ltr'><strong>quodammodo</strong></span> <span class='ocrx_word' id='word_1_21' title='bbox 1508 616 1581 659; x_wconf 90' lang='lat' dir='ltr'><strong>oon-</strong></span> 
     </span>
     <span class='ocr_line' id='line_1_4' title="bbox 231 702 1580 784; baseline -0.001 -21"><span class='ocrx_word' id='word_1_22' title='bbox 231 704 329 765; x_wconf 88' lang='lat' dir='ltr'><strong>iuncta</strong></span> <span class='ocrx_word' id='word_1_23' title='bbox 351 712 397 765; x_wconf 92' lang='lat' dir='ltr'><strong>est</strong></span> <span class='ocrx_word' id='word_1_24' title='bbox 418 722 485 764; x_wconf 93' lang='lat' dir='ltr'><strong>cum</strong></span> <span class='ocrx_word' id='word_1_25' title='bbox 509 722 610 766; x_wconf 92' lang='lat' dir='ltr'><strong>eorum</strong></span> <span class='ocrx_word' id='word_1_26' title='bbox 633 702 807 784; x_wconf 87' lang='lat' dir='ltr'><strong>oppidorum</strong></span> <span class='ocrx_word' id='word_1_27' title='bbox 831 704 1036 766; x_wconf 90' lang='lat' dir='ltr'><strong>Caesareorum</strong></span> <span class='ocrx_word' id='word_1_28' title='bbox 1061 704 1122 766; x_wconf 88' lang='lat' dir='ltr'><strong>sire</strong></span> <span class='ocrx_word' id='word_1_29' title='bbox 1136 705 1351 784; x_wconf 81' lang='lat' dir='ltr'><strong>Augusteornm</strong></span> <span class='ocrx_word' id='word_1_30' title='bbox 1373 702 1580 775; x_wconf 87' lang='lat' dir='ltr'><strong>aedificatione,</strong></span> 
     </span>
    </p>

    <p class='ocr_par' dir='ltr' id='par_1_3' title="bbox 117 804 1583 2230">
     <span class='ocr_line' id='line_1_5' title="bbox 117 804 1580 887; baseline -0.003 -18"><span class='ocrx_word' id='word_1_31' title='bbox 117 848 120 855; x_wconf 91' lang='lat'>-</span> <span class='ocrx_word' id='word_1_32' title='bbox 231 808 266 869; x_wconf 94' lang='lat' dir='ltr'><strong>de</strong></span> <span class='ocrx_word' id='word_1_33' title='bbox 289 806 396 887; x_wconf 89' lang='lat' dir='ltr'><strong>quibus</strong></span> <span class='ocrx_word' id='word_1_34' title='bbox 412 806 558 868; x_wconf 79' lang='lat' dir='ltr'><strong>Caesareis</strong></span> <span class='ocrx_word' id='word_1_35' title='bbox 580 806 611 867; x_wconf 93' lang='lat' dir='ltr'><strong>in</strong></span> <span class='ocrx_word' id='word_1_36' title='bbox 633 806 803 869; x_wconf 84' lang='lat' dir='ltr'><strong>universum</strong></span> <span class='ocrx_word' id='word_1_37' title='bbox 827 806 970 869; x_wconf 87' lang='lat' dir='ltr'><strong>ridendus</strong></span> <span class='ocrx_word' id='word_1_38' title='bbox 987 818 1032 869; x_wconf 90' lang='lat' dir='ltr'><strong>est</strong></span> <span class='ocrx_word' id='word_1_39' title='bbox 1046 807 1187 869; x_wconf 87' lang='lat' dir='ltr'><strong>blarinius</strong></span> <span class='ocrx_word' id='word_1_40' title='bbox 1202 807 1282 881; x_wconf 86' lang='lat' dir='ltr'><strong>(Aru.</strong></span> <span class='ocrx_word' id='word_1_41' title='bbox 1294 826 1323 887; x_wconf 93' lang='lat' dir='ltr'><strong>p.</strong></span> <span class='ocrx_word' id='word_1_42' title='bbox 1335 804 1396 867; x_wconf 88' lang='grc'><strong>383</strong></span> <span class='ocrx_word' id='word_1_43' title='bbox 1409 805 1478 885; x_wconf 77' lang='grc' dir='ltr'><strong>οη.)</strong></span> <span class='ocrx_word' id='word_1_44' title='bbox 1507 804 1580 865; x_wconf 88' lang='lat' dir='ltr'><strong>Nam</strong></span> 
     </span>
     <span class='ocr_line' id='line_1_6' title="bbox 230 907 1581 991; baseline -0.002 -20"><span class='ocrx_word' id='word_1_45' title='bbox 230 920 386 991; x_wconf 89' lang='lat' dir='ltr'><strong>postquam</strong></span> <span class='ocrx_word' id='word_1_46' title='bbox 409 929 434 971; x_wconf 93' lang='lat' dir='ltr'><strong>a.</strong></span> <span class='ocrx_word' id='word_1_47' title='bbox 447 909 508 971; x_wconf 79' lang='grc'><strong>735</strong></span> <span class='ocrx_word' id='word_1_48' title='bbox 523 910 673 988; x_wconf 87' lang='lat' dir='ltr'><strong>Augustus</strong></span> <span class='ocrx_word' id='word_1_49' title='bbox 695 909 818 972; x_wconf 87' lang='lat' dir='ltr'><strong>indulsit</strong></span> <span class='ocrx_word' id='word_1_50' title='bbox 831 910 955 985; x_wconf 91' lang='lat' dir='ltr'><strong>Asianis,</strong></span> <span class='ocrx_word' id='word_1_51' title='bbox 979 921 1012 973; x_wconf 95' lang='lat' dir='ltr'><strong>ut</strong></span> <span class='ocrx_word' id='word_1_52' title='bbox 1033 910 1089 973; x_wconf 90' lang='lat' dir='ltr'><strong>sibi</strong></span> <span class='ocrx_word' id='word_1_53' title='bbox 1111 922 1141 973; x_wconf 90' lang='lat' dir='ltr'><strong>et</strong></span> <span class='ocrx_word' id='word_1_54' title='bbox 1162 910 1229 973; x_wconf 92' lang='lat' dir='ltr'><strong>urbi</strong></span> <span class='ocrx_word' id='word_1_55' title='bbox 1243 910 1353 971; x_wconf 88' lang='lat' dir='ltr'><strong>Romae</strong></span> <span class='ocrx_word' id='word_1_56' title='bbox 1375 909 1476 970; x_wconf 90' lang='lat' dir='ltr'><strong>aedem</strong></span> <span class='ocrx_word' id='word_1_57' title='bbox 1499 907 1581 969; x_wconf 92' lang='lat' dir='ltr'><strong>dedi-</strong></span> 
     </span>
     <span class='ocr_line' id='line_1_7' title="bbox 231 1009 1580 1094; baseline -0.002 -20"><span class='ocrx_word' id='word_1_58' title='bbox 231 1023 331 1075; x_wconf 88' lang='lat' dir='ltr'><strong>carcnt</strong></span> <span class='ocrx_word' id='word_1_59' title='bbox 359 1013 506 1092; x_wconf 82' lang='lat' dir='ltr'><strong>Pergami,</strong></span> <span class='ocrx_word' id='word_1_60' title='bbox 533 1021 563 1075; x_wconf 89' lang='lat' dir='ltr'><strong>ct</strong></span> <span class='ocrx_word' id='word_1_61' title='bbox 590 1013 736 1094; x_wconf 80' lang='lat' dir='ltr'><strong>Bithynis,</strong></span> <span class='ocrx_word' id='word_1_62' title='bbox 766 1022 800 1075; x_wconf 93' lang='lat' dir='ltr'><strong>ut</strong></span> <span class='ocrx_word' id='word_1_63' title='bbox 821 1012 1005 1075; x_wconf 86' lang='lat' dir='ltr'><strong>Nicomediae</strong></span> <span class='ocrx_word' id='word_1_64' title='bbox 1029 1012 1093 1089; x_wconf 89' lang='lat' dir='ltr'><strong>(llio</strong></span> <span class='ocrx_word' id='word_1_65' title='bbox 1117 1015 1167 1086; x_wconf 85' lang='lat'><strong>51,</strong></span> <span class='ocrx_word' id='word_1_66' title='bbox 1190 1013 1246 1087; x_wconf 74' lang='lat' dir='ltr'><strong>so,</strong></span> <span class='ocrx_word' id='word_1_67' title='bbox 1267 1012 1358 1074; x_wconf 80' lang='lat' dir='ltr'><strong>Tacit</strong></span> <span class='ocrx_word' id='word_1_68' title='bbox 1373 1030 1442 1073; x_wconf 93' lang='lat' dir='ltr'><strong>anu.</strong></span> <span class='ocrx_word' id='word_1_69' title='bbox 1466 1013 1494 1085; x_wconf 88' lang='grc'><strong>4,</strong></span> <span class='ocrx_word' id='word_1_70' title='bbox 1518 1009 1580 1085; x_wconf 92' lang='grc'><strong>37),</strong></span> 
     </span>
     <span class='ocr_line' id='line_1_8' title="bbox 230 1114 1582 1199; baseline -0.001 -23"><span class='ocrx_word' id='word_1_71' title='bbox 230 1115 342 1197; x_wconf 79' lang='lat' dir='ltr'><strong>Ancyra</strong></span> <span class='ocrx_word' id='word_1_72' title='bbox 370 1134 487 1196; x_wconf 89' lang='lat' dir='ltr'><strong>quoquc</strong></span> <span class='ocrx_word' id='word_1_73' title='bbox 510 1116 637 1177; x_wconf 85' lang='lat' dir='ltr'><strong>Galatiae</strong></span> <span class='ocrx_word' id='word_1_74' title='bbox 664 1115 834 1196; x_wconf 87' lang='lat' dir='ltr'><strong>metropolis</strong></span> <span class='ocrx_word' id='word_1_75' title='bbox 861 1135 949 1177; x_wconf 90' lang='lat' dir='ltr'><strong>suum</strong></span> <span class='ocrx_word' id='word_1_76' title='bbox 972 1116 1027 1178; x_wconf 91' lang='lat' dir='ltr'><strong>sibi</strong></span> <span class='ocrx_word' id='word_1_77' title='bbox 1047 1116 1117 1179; x_wconf 84' lang='lat' dir='ltr'><strong>fecit</strong></span> <span class='ocrx_word' id='word_1_78' title='bbox 1138 1120 1352 1199; x_wconf 78' lang='grc' dir='ltr'><strong><em>Σεβαστετον,</em></strong></span> <span class='ocrx_word' id='word_1_79' title='bbox 1380 1135 1440 1196; x_wconf 88' lang='lat' dir='ltr'><strong>quo</strong></span> <span class='ocrx_word' id='word_1_80' title='bbox 1462 1114 1582 1176; x_wconf 91' lang='lat' dir='ltr'><strong>nomine</strong></span> 
     </span>
     <span class='ocr_line' id='line_1_9' title="bbox 230 1213 1582 1301; baseline -0.001 -22"><span class='ocrx_word' id='word_1_81' title='bbox 230 1219 391 1299; x_wconf 92' lang='lat' dir='ltr'><strong>appellatur</strong></span> <span class='ocrx_word' id='word_1_82' title='bbox 412 1219 441 1279; x_wconf 91' lang='lat' dir='ltr'><strong>in</strong></span> <span class='ocrx_word' id='word_1_83' title='bbox 465 1219 550 1281; x_wconf 90' lang='lat' dir='ltr'><strong>titulo</strong></span> <span class='ocrx_word' id='word_1_84' title='bbox 569 1218 661 1299; x_wconf 90' lang='lat' dir='ltr'><strong>ipsius</strong></span> <span class='ocrx_word' id='word_1_85' title='bbox 676 1219 756 1281; x_wconf 90' lang='lat' dir='ltr'><strong>aedis</strong></span> <span class='ocrx_word' id='word_1_86' title='bbox 771 1228 855 1281; x_wconf 87' lang='lat' dir='ltr'><strong>antae</strong></span> <span class='ocrx_word' id='word_1_87' title='bbox 869 1218 1026 1299; x_wconf 90' lang='lat' dir='ltr'><strong>inscripto:</strong></span> <span class='ocrx_word' id='word_1_88' title='bbox 1058 1213 1144 1283; x_wconf 84' lang='grc' dir='ltr'><strong><em>ὅπου</em></strong></span> <span class='ocrx_word' id='word_1_89' title='bbox 1165 1217 1203 1283; x_wconf 81' lang='grc' dir='ltr'><strong>τὸ</strong></span> <span class='ocrx_word' id='word_1_90' title='bbox 1218 1215 1405 1301; x_wconf 79' lang='grc' dir='ltr'><strong><em>Σεβαστῆόν</em></strong></span> <span class='ocrx_word' id='word_1_91' title='bbox 1420 1216 1582 1281; x_wconf 70' lang='grc' dir='ltr'><strong><em>ἔστινκαὶ</em></strong></span> 
     </span>
     <span class='ocr_line' id='line_1_10' title="bbox 230 1314 1581 1407; baseline -0.001 -23"><span class='ocrx_word' id='word_1_92' title='bbox 230 1318 249 1405; x_wconf 78' lang='grc' dir='ltr'><em>ἡ</em></span> <span class='ocrx_word' id='word_1_93' title='bbox 278 1318 459 1405; x_wconf 76' lang='grc' dir='ltr'><strong><em>πανήγυρις</em></strong></span> <span class='ocrx_word' id='word_1_94' title='bbox 489 1324 631 1400; x_wconf 82' lang='grc' dir='ltr'><strong><em>γείνεται</em></strong></span> <span class='ocrx_word' id='word_1_95' title='bbox 660 1321 715 1384; x_wconf 79' lang='grc' dir='ltr'><strong>καὶ</strong></span> <span class='ocrx_word' id='word_1_96' title='bbox 743 1314 762 1385; x_wconf 80' lang='lat' dir='ltr'><strong>d</strong></span> <span class='ocrx_word' id='word_1_97' title='bbox 790 1318 1045 1407; x_wconf 50' lang='grc' dir='ltr'><strong><em>ἱππόδρομοςὶ).</em></strong></span> <span class='ocrx_word' id='word_1_98' title='bbox 1088 1324 1197 1385; x_wconf 91' lang='lat' dir='ltr'><strong>Aedem</strong></span> <span class='ocrx_word' id='word_1_99' title='bbox 1219 1322 1311 1385; x_wconf 86' lang='lat' dir='ltr'><strong>luisse</strong></span> <span class='ocrx_word' id='word_1_100' title='bbox 1333 1322 1493 1385; x_wconf 79' lang='lat' dir='ltr'><strong>dedicatam</strong></span> <span class='ocrx_word' id='word_1_101' title='bbox 1516 1322 1581 1384; x_wconf 89' lang='lat' dir='ltr'><strong>diro</strong></span> 
     </span>
     <span class='ocr_line' id='line_1_11' title="bbox 230 1423 1583 1506; baseline 0.001 -19"><span class='ocrx_word' id='word_1_102' title='bbox 230 1427 362 1505; x_wconf 83' lang='lat' dir='ltr'><strong>Augusto</strong></span> <span class='ocrx_word' id='word_1_103' title='bbox 392 1436 422 1487; x_wconf 87' lang='lat' dir='ltr'><strong>st</strong></span> <span class='ocrx_word' id='word_1_104' title='bbox 444 1426 509 1487; x_wconf 91' lang='lat' dir='ltr'><strong>urbi</strong></span> <span class='ocrx_word' id='word_1_105' title='bbox 531 1426 640 1487; x_wconf 85' lang='lat' dir='ltr'><strong>Romae</strong></span> <span class='ocrx_word' id='word_1_106' title='bbox 663 1426 789 1488; x_wconf 84' lang='lat' dir='ltr'><strong>declarat</strong></span> <span class='ocrx_word' id='word_1_107' title='bbox 811 1426 914 1488; x_wconf 89' lang='lat' dir='ltr'><strong>titulus</strong></span> <span class='ocrx_word' id='word_1_108' title='bbox 937 1428 1024 1488; x_wconf 91' lang='lat' dir='ltr'><strong>modo</strong></span> <span class='ocrx_word' id='word_1_109' title='bbox 1046 1427 1151 1489; x_wconf 88' lang='lat' dir='ltr'><strong>citatus</strong></span> <span class='ocrx_word' id='word_1_110' title='bbox 1174 1425 1397 1506; x_wconf 91' lang='lat' dir='ltr'><strong>sicincipiens:</strong></span> <span class='ocrx_word' id='word_1_111' title='bbox 1428 1423 1583 1488; x_wconf 80' lang='grc' dir='ltr'><strong><em>Γαίαοῶν</em></strong></span> 
     </span>
     <span class='ocr_line' id='line_1_12' title="bbox 231 1522 1583 1613; baseline 0.001 -22"><span class='ocrx_word' id='word_1_112' title='bbox 231 1550 290 1591; x_wconf 93' lang='lat' dir='ltr'><strong>o..</strong></span> <span class='ocrx_word' id='word_1_113' title='bbox 307 1526 347 1607; x_wconf 69' lang='lat'><strong>(⁶2)</strong></span> <span class='ocrx_word' id='word_1_114' title='bbox 371 1522 609 1612; x_wconf 76' lang='lat' dir='ltr'><strong>[ialpaoa‘pavov</strong></span> <span class='ocrx_word' id='word_1_115' title='bbox 631 1530 702 1611; x_wconf 72' lang='grc' dir='ltr'><strong>θεῷ</strong></span> <span class='ocrx_word' id='word_1_116' title='bbox 718 1530 873 1613; x_wconf 78' lang='grc' dir='ltr'><strong><em>Σεβαστῷ</em></strong></span> <span class='ocrx_word' id='word_1_117' title='bbox 896 1529 951 1591; x_wconf 79' lang='grc' dir='ltr'><strong>καὶ</strong></span> <span class='ocrx_word' id='word_1_118' title='bbox 973 1525 1167 1611; x_wconf 78' lang='grc' dir='ltr'><strong>θεᾷῬοὶμη,</strong></span> <span class='ocrx_word' id='word_1_119' title='bbox 1191 1528 1298 1609; x_wconf 88' lang='lat' dir='ltr'><strong>quibus</strong></span> <span class='ocrx_word' id='word_1_120' title='bbox 1320 1529 1417 1591; x_wconf 82' lang='lat' dir='ltr'><strong>verbis</strong></span> <span class='ocrx_word' id='word_1_121' title='bbox 1438 1528 1583 1592; x_wconf 78' lang='lat' dir='ltr'><strong>subicitur</strong></span> 
     </span>
     <span class='ocr_line' id='line_1_13' title="bbox 230 1632 1582 1713; baseline 0.001 -20"><span class='ocrx_word' id='word_1_122' title='bbox 230 1632 368 1694; x_wconf 93' lang='lat' dir='ltr'><strong>ludorum</strong></span> <span class='ocrx_word' id='word_1_123' title='bbox 396 1632 552 1693; x_wconf 88' lang='lat' dir='ltr'><strong>laterculus</strong></span> <span class='ocrx_word' id='word_1_124' title='bbox 580 1633 614 1694; x_wconf 90' lang='lat' dir='ltr'><strong>ad</strong></span> <span class='ocrx_word' id='word_1_125' title='bbox 644 1634 743 1695; x_wconf 90' lang='lat' dir='ltr'><strong>aedem</strong></span> <span class='ocrx_word' id='word_1_126' title='bbox 772 1652 836 1695; x_wconf 92' lang='lat' dir='ltr'><strong>eam</strong></span> <span class='ocrx_word' id='word_1_127' title='bbox 864 1632 952 1696; x_wconf 91' lang='lat' dir='ltr'><strong>certis</strong></span> <span class='ocrx_word' id='word_1_128' title='bbox 978 1633 1152 1707; x_wconf 82' lang='lat' dir='ltr'><strong>intervallis,</strong></span> <span class='ocrx_word' id='word_1_129' title='bbox 1186 1635 1310 1695; x_wconf 83' lang='lat' dir='ltr'><strong>tortasse</strong></span> <span class='ocrx_word' id='word_1_130' title='bbox 1337 1632 1440 1713; x_wconf 88' lang='lat' dir='ltr'><strong>quinto</strong></span> <span class='ocrx_word' id='word_1_131' title='bbox 1465 1652 1582 1713; x_wconf 87' lang='lat' dir='ltr'><strong>quoque</strong></span> 
     </span>
     <span class='ocr_line' id='line_1_14' title="bbox 230 1734 1583 1816; baseline 0.001 -19"><span class='ocrx_word' id='word_1_132' title='bbox 230 1754 309 1798; x_wconf 91' lang='lat' dir='ltr'><strong>anno</strong></span> <span class='ocrx_word' id='word_1_133' title='bbox 338 1735 493 1798; x_wconf 93' lang='lat' dir='ltr'><strong>editorum.</strong></span> <span class='ocrx_word' id='word_1_134' title='bbox 521 1772 563 1781; x_wconf 88' lang='lat'><em>-</em></span> <span class='ocrx_word' id='word_1_135' title='bbox 592 1734 700 1797; x_wconf 91' lang='lat' dir='ltr'><strong>Similis</strong></span> <span class='ocrx_word' id='word_1_136' title='bbox 727 1736 847 1798; x_wconf 92' lang='lat' dir='ltr'><strong>omnino</strong></span> <span class='ocrx_word' id='word_1_137' title='bbox 876 1737 933 1799; x_wconf 89' lang='lat' dir='ltr'><strong>fuit</strong></span> <span class='ocrx_word' id='word_1_138' title='bbox 958 1738 1044 1799; x_wconf 90' lang='lat' dir='ltr'><strong>aedes</strong></span> <span class='ocrx_word' id='word_1_139' title='bbox 1071 1737 1175 1811; x_wconf 87' lang='lat' dir='ltr'><strong>altera,</strong></span> <span class='ocrx_word' id='word_1_140' title='bbox 1202 1755 1290 1816; x_wconf 88' lang='lat' dir='ltr'><strong>quarn</strong></span> <span class='ocrx_word' id='word_1_141' title='bbox 1312 1736 1369 1797; x_wconf 92' lang='lat' dir='ltr'><strong>hoc</strong></span> <span class='ocrx_word' id='word_1_142' title='bbox 1389 1734 1485 1798; x_wconf 90' lang='lat' dir='ltr'><strong>indice</strong></span> <span class='ocrx_word' id='word_1_143' title='bbox 1511 1755 1583 1798; x_wconf 92' lang='lat' dir='ltr'><strong>con-</strong></span> 
     </span>
     <span class='ocr_line' id='line_1_15' title="bbox 231 1838 1583 1920; baseline 0.001 -19"><span class='ocrx_word' id='word_1_144' title='bbox 231 1838 369 1919; x_wconf 81' lang='lat' dir='ltr'><strong>scriptum</strong></span> <span class='ocrx_word' id='word_1_145' title='bbox 393 1838 483 1901; x_wconf 87' lang='lat' dir='ltr'><strong>luisse</strong></span> <span class='ocrx_word' id='word_1_146' title='bbox 506 1846 629 1913; x_wconf 86' lang='lat' dir='ltr'><strong>constat,</strong></span> <span class='ocrx_word' id='word_1_147' title='bbox 651 1838 912 1920; x_wconf 89' lang='lat' dir='ltr'><strong>Apolloniensium.</strong></span> <span class='ocrx_word' id='word_1_148' title='bbox 948 1839 1022 1901; x_wconf 91' lang='lat' dir='ltr'><strong>Nam</strong></span> <span class='ocrx_word' id='word_1_149' title='bbox 1044 1840 1149 1920; x_wconf 79' lang='lat' dir='ltr'><strong>legitur</strong></span> <span class='ocrx_word' id='word_1_150' title='bbox 1171 1839 1212 1901; x_wconf 92' lang='lat' dir='ltr'><strong>ibi</strong></span> <span class='ocrx_word' id='word_1_151' title='bbox 1234 1859 1323 1920; x_wconf 91' lang='lat' dir='ltr'><strong>supra</strong></span> <span class='ocrx_word' id='word_1_152' title='bbox 1337 1840 1463 1901; x_wconf 90' lang='lat' dir='ltr'><strong>indicem</strong></span> <span class='ocrx_word' id='word_1_153' title='bbox 1480 1840 1583 1902; x_wconf 89' lang='lat' dir='ltr'><strong>titulus</strong></span> 
     </span>
     <span class='ocr_line' id='line_1_16' title="bbox 232 1942 1582 2025; baseline 0.003 -22"><span class='ocrx_word' id='word_1_154' title='bbox 232 1942 282 2022; x_wconf 89' lang='lat' dir='ltr'><strong>qui</strong></span> <span class='ocrx_word' id='word_1_155' title='bbox 309 1943 443 2022; x_wconf 88' lang='lat' dir='ltr'><strong>sequitur</strong></span> <span class='ocrx_word' id='word_1_156' title='bbox 466 1944 508 2019; x_wconf 74' lang='lat' dir='ltr'><strong>(G.</strong></span> <span class='ocrx_word' id='word_1_157' title='bbox 525 1942 546 2003; x_wconf 94' lang='lat' dir='ltr'><strong>l.</strong></span> <span class='ocrx_word' id='word_1_158' title='bbox 563 1943 611 2005; x_wconf 90' lang='lat' dir='ltr'><strong>Gr.</strong></span> <span class='ocrx_word' id='word_1_159' title='bbox 627 1962 657 2004; x_wconf 87' lang='grc' dir='ltr'><strong>ιι.</strong></span> <span class='ocrx_word' id='word_1_160' title='bbox 673 1942 770 2023; x_wconf 84' lang='grc'>3971)</span> <span class='ocrx_word' id='word_1_161' title='bbox 799 1962 860 2005; x_wconf 93' lang='lat' dir='ltr'><strong>uon</strong></span> <span class='ocrx_word' id='word_1_162' title='bbox 890 1944 927 2005; x_wconf 91' lang='lat' dir='ltr'><strong>ad</strong></span> <span class='ocrx_word' id='word_1_163' title='bbox 955 1943 1080 2005; x_wconf 90' lang='lat' dir='ltr'><strong>indicem</strong></span> <span class='ocrx_word' id='word_1_164' title='bbox 1110 1944 1275 2024; x_wconf 88' lang='lat' dir='ltr'><strong>pertinens,</strong></span> <span class='ocrx_word' id='word_1_165' title='bbox 1303 1945 1355 2006; x_wconf 92' lang='lat' dir='ltr'><strong>sed</strong></span> <span class='ocrx_word' id='word_1_166' title='bbox 1376 1943 1468 2025; x_wconf 91' lang='lat' dir='ltr'><strong>ipsius</strong></span> <span class='ocrx_word' id='word_1_167' title='bbox 1494 1945 1582 2019; x_wconf 87' lang='lat' dir='ltr'><strong>aedis,</strong></span> 
     </span>
     <span class='ocr_line' id='line_1_17' title="bbox 232 2044 1583 2128; baseline 0.004 -23"><span class='ocrx_word' id='word_1_168' title='bbox 232 2052 301 2126; x_wconf 91' lang='lat' dir='ltr'><strong>post</strong></span> <span class='ocrx_word' id='word_1_169' title='bbox 327 2044 449 2105; x_wconf 89' lang='lat' dir='ltr'><strong>aliorum</strong></span> <span class='ocrx_word' id='word_1_170' title='bbox 479 2046 669 2126; x_wconf 87' lang='lat' dir='ltr'><strong>temptamina</strong></span> <span class='ocrx_word' id='word_1_171' title='bbox 691 2066 707 2107; x_wconf 91' lang='lat' dir='ltr'><strong>a</strong></span> <span class='ocrx_word' id='word_1_172' title='bbox 729 2046 953 2126; x_wconf 80' lang='lat' dir='ltr'><strong>Waddingtonio</strong></span> <span class='ocrx_word' id='word_1_173' title='bbox 976 2047 1095 2109; x_wconf 92' lang='lat' dir='ltr'><strong>demum</strong></span> <span class='ocrx_word' id='word_1_174' title='bbox 1118 2049 1167 2128; x_wconf 86' lang='lat' dir='ltr'><strong>(ad</strong></span> <span class='ocrx_word' id='word_1_175' title='bbox 1190 2048 1252 2128; x_wconf 78' lang='lat' dir='ltr'><strong>syll.</strong></span> <span class='ocrx_word' id='word_1_176' title='bbox 1275 2046 1452 2109; x_wconf 81' lang='lat' dir='ltr'><strong>lebasianae</strong></span> <span class='ocrx_word' id='word_1_177' title='bbox 1473 2049 1529 2110; x_wconf 89' lang='lat' dir='ltr'><strong>rol.</strong></span> <span class='ocrx_word' id='word_1_178' title='bbox 1543 2048 1583 2110; x_wconf 93' lang='lat' dir='ltr'><strong>lll</strong></span> 
     </span>
     <span class='ocr_line' id='line_1_18' title="bbox 233 2149 1041 2230; baseline -0.001 -20"><span class='ocrx_word' id='word_1_179' title='bbox 233 2149 375 2227; x_wconf 83' lang='grc' dir='ltr'>ιι.1194)</span> <span class='ocrx_word' id='word_1_180' title='bbox 398 2156 427 2209; x_wconf 90' lang='lat' dir='ltr'><strong>ct</strong></span> <span class='ocrx_word' id='word_1_181' title='bbox 448 2150 542 2228; x_wconf 91' lang='lat' dir='ltr'><strong>perite</strong></span> <span class='ocrx_word' id='word_1_182' title='bbox 564 2150 728 2230; x_wconf 90' lang='lat' dir='ltr'><strong>descriptus</strong></span> <span class='ocrx_word' id='word_1_183' title='bbox 751 2160 781 2211; x_wconf 90' lang='lat' dir='ltr'><strong>et</strong></span> <span class='ocrx_word' id='word_1_184' title='bbox 802 2150 873 2212; x_wconf 90' lang='lat' dir='ltr'><strong>scite</strong></span> <span class='ocrx_word' id='word_1_185' title='bbox 895 2149 1041 2230; x_wconf 85' lang='lat' dir='ltr'><strong>expletus:</strong></span> 
     </span>
    </p>
   </div>
   <div class='ocr_carea' id='block_1_3' title="bbox 83 2262 1725 2433">
    <p class='ocr_par' dir='ltr' id='par_1_4' title="bbox 83 2262 1725 2433">
     <span class='ocr_line' id='line_1_19' title="bbox 83 2262 1724 2342; baseline 0.005 -25"><span class='ocrx_word' id='word_1_186' title='bbox 83 2262 166 2331; x_wconf 83' lang='grc' dir='ltr'>[Τοὺς</span> <span class='ocrx_word' id='word_1_187' title='bbox 188 2265 295 2327; x_wconf 81' lang='grc' dir='ltr'><strong><em>κοινούς</em></strong></span> <span class='ocrx_word' id='word_1_188' title='bbox 317 2270 447 2340; x_wconf 80' lang='grc' dir='ltr'><strong><em>σωτῆρος]</em></strong></span> <span class='ocrx_word' id='word_1_189' title='bbox 458 2270 505 2322; x_wconf 78' lang='lat' dir='ltr'><strong>aeut</strong></span> <span class='ocrx_word' id='word_1_190' title='bbox 518 2268 603 2326; x_wconf 72' lang='grc' dir='ltr'><strong><em>ἰδίους</em></strong></span> <span class='ocrx_word' id='word_1_191' title='bbox 613 2267 695 2327; x_wconf 72' lang='grc' dir='ltr'><strong><em>θεούς</em></strong></span> <span class='ocrx_word' id='word_1_192' title='bbox 705 2266 862 2335; x_wconf 77' lang='grc' dir='ltr'><strong><em>Σεβασιούς</em></strong></span> <span class='ocrx_word' id='word_1_193' title='bbox 871 2269 918 2321; x_wconf 79' lang='grc' dir='ltr'><strong>καὶ</strong></span> <span class='ocrx_word' id='word_1_194' title='bbox 928 2266 989 2328; x_wconf 78' lang='grc' dir='ltr'><strong><em>τούς</em></strong></span> <span class='ocrx_word' id='word_1_195' title='bbox 998 2268 1103 2328; x_wconf 81' lang='grc' dir='ltr'><strong><em>παῖδας</em></strong></span> <span class='ocrx_word' id='word_1_196' title='bbox 1111 2263 1218 2334; x_wconf 64' lang='lat' dir='ltr'><strong>udaius]</strong></span> <span class='ocrx_word' id='word_1_197' title='bbox 1231 2264 1464 2334; x_wconf 68' lang='grc' dir='ltr'><strong><em>[Ἀπολλωνιατῶν</em></strong></span> <span class='ocrx_word' id='word_1_198' title='bbox 1473 2274 1587 2324; x_wconf 75' lang='grc' dir='ltr'><strong><em>Λυκίων</em></strong></span> <span class='ocrx_word' id='word_1_199' title='bbox 1600 2270 1616 2324; x_wconf 85' lang='grc' dir='ltr'>ὁ</span> <span class='ocrx_word' id='word_1_200' title='bbox 1629 2272 1724 2342; x_wconf 68' lang='grc' dir='ltr'><strong>δῆμος,</strong></span> 
     </span>
     <span class='ocr_line' id='line_1_20' title="bbox 84 2350 1725 2433; baseline 0.005 -28"><span class='ocrx_word' id='word_1_201' title='bbox 84 2356 164 2423; x_wconf 88' lang='grc' dir='ltr'><strong><em>[Γαίῳ</em></strong></span> <span class='ocrx_word' id='word_1_202' title='bbox 181 2359 299 2429; x_wconf 85' lang='grc' dir='ltr'><strong><em>Καίσαρι</em></strong></span> <span class='ocrx_word' id='word_1_203' title='bbox 343 2356 513 2425; x_wconf 74' lang='grc' dir='ltr'><strong><em>Πρμ)ανικρ1</em></strong></span> <span class='ocrx_word' id='word_1_204' title='bbox 559 2358 671 2429; x_wconf 77' lang='grc' dir='ltr'><strong><em>Τιβερίῳ</em></strong></span> <span class='ocrx_word' id='word_1_205' title='bbox 688 2359 809 2423; x_wconf 84' lang='grc' dir='ltr'><strong><em>Καίσαρι</em></strong></span> <span class='ocrx_word' id='word_1_206' title='bbox 850 2357 910 2424; x_wconf 68' lang='lat' dir='ltr'><strong>deci</strong></span> <span class='ocrx_word' id='word_1_207' title='bbox 928 2357 1060 2425; x_wconf 75' lang='grc' dir='ltr'><em>Σεβαστῷ</em></span> <span class='ocrx_word' id='word_1_208' title='bbox 1099 2356 1160 2424; x_wconf 81' lang='grc' dir='ltr'><strong>[3εᾷ</strong></span> <span class='ocrx_word' id='word_1_209' title='bbox 1176 2360 1280 2424; x_wconf 81' lang='grc' dir='ltr'><strong><em>Λιουίῳ</em></strong></span> <span class='ocrx_word' id='word_1_210' title='bbox 1313 2350 1434 2428; x_wconf 79' lang='grc' dir='ltr'><strong><em>Δρούσῳ</em></strong></span> <span class='ocrx_word' id='word_1_211' title='bbox 1467 2360 1576 2426; x_wconf 78' lang='grc' dir='ltr'><strong><em>Λευκίῳ</em></strong></span> <span class='ocrx_word' id='word_1_212' title='bbox 1595 2363 1725 2433; x_wconf 83' lang='grc' dir='ltr'><strong><em>Καίσαρι)</em></strong></span> 
     </span>
    </p>
   </div>
   <div class='ocr_carea' id='block_1_4' title="bbox 231 2461 1584 2648">
    <p class='ocr_par' dir='ltr' id='par_1_5' title="bbox 231 2461 1584 2648">
     <span class='ocr_line' id='line_1_21' title="bbox 231 2461 1584 2544; baseline 0.001 -21"><span class='ocrx_word' id='word_1_213' title='bbox 231 2462 332 2543; x_wconf 86' lang='lat' dir='ltr'><strong>ltaque</strong></span> <span class='ocrx_word' id='word_1_214' title='bbox 354 2463 440 2525; x_wconf 89' lang='lat' dir='ltr'><strong>aedes</strong></span> <span class='ocrx_word' id='word_1_215' title='bbox 455 2461 668 2543; x_wconf 76' lang='lat' dir='ltr'><strong>Apolloniensis</strong></span> <span class='ocrx_word' id='word_1_216' title='bbox 690 2472 719 2523; x_wconf 90' lang='lat' dir='ltr'><strong>et</strong></span> <span class='ocrx_word' id='word_1_217' title='bbox 741 2464 804 2543; x_wconf 91' lang='lat' dir='ltr'><strong>ipsa</strong></span> <span class='ocrx_word' id='word_1_218' title='bbox 825 2462 881 2524; x_wconf 86' lang='lat' dir='ltr'><strong>tuit</strong></span> <span class='ocrx_word' id='word_1_219' title='bbox 901 2481 937 2523; x_wconf 84' lang='lat' dir='ltr'><strong>ex</strong></span> <span class='ocrx_word' id='word_1_220' title='bbox 960 2481 1065 2541; x_wconf 77' lang='lat' dir='ltr'><strong>genere</strong></span> <span class='ocrx_word' id='word_1_221' title='bbox 1079 2463 1313 2544; x_wconf 75' lang='lat' dir='ltr'><strong>Augusteorum3</strong></span> <span class='ocrx_word' id='word_1_222' title='bbox 1333 2481 1429 2543; x_wconf 87' lang='lat' dir='ltr'><strong>neque</strong></span> <span class='ocrx_word' id='word_1_223' title='bbox 1451 2463 1584 2527; x_wconf 90' lang='lat' dir='ltr'><strong>absimile</strong></span> 
     </span>
     <span class='ocr_line' id='line_1_22' title="bbox 232 2565 1583 2648; baseline 0.002 -22"><span class='ocrx_word' id='word_1_224' title='bbox 232 2565 293 2627; x_wconf 85' lang='lat' dir='ltr'><strong>reri</strong></span> <span class='ocrx_word' id='word_1_225' title='bbox 315 2566 418 2628; x_wconf 90' lang='lat' dir='ltr'><strong>eodem</strong></span> <span class='ocrx_word' id='word_1_226' title='bbox 442 2574 583 2648; x_wconf 90' lang='lat' dir='ltr'><strong>tempore,</strong></span> <span class='ocrx_word' id='word_1_227' title='bbox 606 2586 665 2646; x_wconf 88' lang='lat' dir='ltr'><strong>quo</strong></span> <span class='ocrx_word' id='word_1_228' title='bbox 688 2566 854 2629; x_wconf 89' lang='lat' dir='ltr'><strong>Galatarum</strong></span> <span class='ocrx_word' id='word_1_229' title='bbox 878 2585 1036 2629; x_wconf 92' lang='lat' dir='ltr'><strong>commune</strong></span> <span class='ocrx_word' id='word_1_230' title='bbox 1058 2567 1088 2629; x_wconf 92' lang='lat' dir='ltr'><strong>in</strong></span> <span class='ocrx_word' id='word_1_231' title='bbox 1111 2586 1163 2628; x_wconf 92' lang='lat' dir='ltr'><strong>sua</strong></span> <span class='ocrx_word' id='word_1_232' title='bbox 1185 2566 1340 2648; x_wconf 91' lang='lat' dir='ltr'><strong>metropoli</strong></span> <span class='ocrx_word' id='word_1_233' title='bbox 1354 2577 1389 2628; x_wconf 91' lang='lat' dir='ltr'><strong>ut</strong></span> <span class='ocrx_word' id='word_1_234' title='bbox 1402 2567 1583 2647; x_wconf 80' lang='lat' dir='ltr'><strong>Augusteum</strong></span> 
     </span>
    </p>
   </div>
   <div class='ocr_carea' id='block_1_5' title="bbox 232 2669 1585 2752">
    <p class='ocr_par' dir='ltr' id='par_1_6' title="bbox 232 2669 1585 2752">
     <span class='ocr_line' id='line_1_23' title="bbox 232 2669 1585 2752; baseline 0.001 -22"><span class='ocrx_word' id='word_1_235' title='bbox 232 2670 315 2731; x_wconf 88' lang='lat' dir='ltr'><strong>lieret</strong></span> <span class='ocrx_word' id='word_1_236' title='bbox 337 2669 480 2744; x_wconf 85' lang='lat' dir='ltr'><strong>decrerit,</strong></span> <span class='ocrx_word' id='word_1_237' title='bbox 503 2669 590 2731; x_wconf 90' lang='lat' dir='ltr'><strong>etiam</strong></span> <span class='ocrx_word' id='word_1_238' title='bbox 612 2669 808 2749; x_wconf 76' lang='lat' dir='ltr'><strong>Apolloniatas</strong></span> <span class='ocrx_word' id='word_1_239' title='bbox 831 2669 876 2731; x_wconf 88' lang='lat' dir='ltr'><strong>rel</strong></span> <span class='ocrx_word' id='word_1_240' title='bbox 902 2670 927 2731; x_wconf 91' lang='lat' dir='ltr'><strong>si</strong></span> <span class='ocrx_word' id='word_1_241' title='bbox 950 2670 1042 2750; x_wconf 77' lang='lat' dir='ltr'><strong>magis</strong></span> <span class='ocrx_word' id='word_1_242' title='bbox 1069 2671 1164 2751; x_wconf 90' lang='lat' dir='ltr'><strong>placet</strong></span> <span class='ocrx_word' id='word_1_243' title='bbox 1184 2669 1296 2732; x_wconf 88' lang='lat' dir='ltr'><strong>Pisidas</strong></span> <span class='ocrx_word' id='word_1_244' title='bbox 1320 2670 1429 2733; x_wconf 88' lang='lat' dir='ltr'><strong>Galatis</strong></span> <span class='ocrx_word' id='word_1_245' title='bbox 1454 2670 1487 2732; x_wconf 92' lang='lat' dir='ltr'><strong>in</strong></span> <span class='ocrx_word' id='word_1_246' title='bbox 1514 2689 1585 2752; x_wconf 92' lang='lat' dir='ltr'><strong>pro-</strong></span> 
     </span>
    </p>
   </div>
   <div class='ocr_carea' id='block_1_6' title="bbox 147 2853 1594 4834">
    <p class='ocr_par' dir='ltr' id='par_1_7' title="bbox 147 2853 1594 4834">
     <span class='ocr_line' id='line_1_24' title="bbox 234 2853 1584 2932; baseline 0.001 -19"><span class='ocrx_word' id='word_1_247' title='bbox 234 2864 357 2932; x_wconf 79' lang='grc' dir='ltr'><strong><em>Φρυγίος</em></strong></span> <span class='ocrx_word' id='word_1_248' title='bbox 379 2857 395 2927; x_wconf 76' lang='grc' dir='ltr'><strong>ι)</strong></span> <span class='ocrx_word' id='word_1_249' title='bbox 415 2857 503 2913; x_wconf 80' lang='grc' dir='ltr'><strong><em>πάλαι</em></strong></span> <span class='ocrx_word' id='word_1_250' title='bbox 526 2853 672 2931; x_wconf 87' lang='grc' dir='ltr'><strong><em>Μάργιον;</em></strong></span> <span class='ocrx_word' id='word_1_251' title='bbox 694 2862 786 2913; x_wconf 84' lang='lat' dir='ltr'><strong>Strabo</strong></span> <span class='ocrx_word' id='word_1_252' title='bbox 811 2862 850 2925; x_wconf 82' lang='lat'><strong>12,</strong></span> <span class='ocrx_word' id='word_1_253' title='bbox 869 2861 893 2925; x_wconf 84' lang='grc'><strong>6,</strong></span> <span class='ocrx_word' id='word_1_254' title='bbox 913 2860 944 2913; x_wconf 87' lang='grc'><strong>13</strong></span> <span class='ocrx_word' id='word_1_255' title='bbox 962 2878 985 2929; x_wconf 90' lang='lat' dir='ltr'><strong>p.</strong></span> <span class='ocrx_word' id='word_1_256' title='bbox 1004 2862 1064 2930; x_wconf 86' lang='grc'><strong>576)</strong></span> <span class='ocrx_word' id='word_1_257' title='bbox 1091 2869 1117 2913; x_wconf 89' lang='lat' dir='ltr'><strong>et</strong></span> <span class='ocrx_word' id='word_1_258' title='bbox 1142 2863 1234 2914; x_wconf 84' lang='lat' dir='ltr'><strong>titulus</strong></span> <span class='ocrx_word' id='word_1_259' title='bbox 1256 2862 1293 2914; x_wconf 89' lang='lat' dir='ltr'><strong>ibi</strong></span> <span class='ocrx_word' id='word_1_260' title='bbox 1315 2870 1432 2929; x_wconf 89' lang='lat' dir='ltr'><strong>repertus</strong></span> <span class='ocrx_word' id='word_1_261' title='bbox 1455 2870 1497 2915; x_wconf 88' lang='lat' dir='ltr'><strong>est</strong></span> <span class='ocrx_word' id='word_1_262' title='bbox 1518 2862 1584 2922; x_wconf 79' lang='lat' dir='ltr'><strong>(Gi.</strong></span> 
     </span>
     <span class='ocr_line' id='line_1_25' title="bbox 234 2946 1585 3015; baseline -0.001 -15"><span class='ocrx_word' id='word_1_263' title='bbox 234 2947 279 3000; x_wconf 93' lang='lat' dir='ltr'><strong>Gr.</strong></span> <span class='ocrx_word' id='word_1_264' title='bbox 292 2948 368 3011; x_wconf 89' lang='grc'>3973)</span> <span class='ocrx_word' id='word_1_265' title='bbox 388 2964 442 2999; x_wconf 90' lang='lat' dir='ltr'><strong>cum</strong></span> <span class='ocrx_word' id='word_1_266' title='bbox 460 2964 525 3000; x_wconf 89' lang='lat' dir='ltr'><strong>auno</strong></span> <span class='ocrx_word' id='word_1_267' title='bbox 543 2948 681 3014; x_wconf 90' lang='lat' dir='ltr'><strong>adscripto,</strong></span> <span class='ocrx_word' id='word_1_268' title='bbox 699 2964 770 3015; x_wconf 81' lang='lat' dir='ltr'><strong>quem</strong></span> <span class='ocrx_word' id='word_1_269' title='bbox 783 2947 956 3013; x_wconf 68' lang='lat' dir='ltr'><strong>Waddiugtoa</strong></span> <span class='ocrx_word' id='word_1_270' title='bbox 974 2949 1038 3015; x_wconf 83' lang='lat' dir='ltr'><strong>apud</strong></span> <span class='ocrx_word' id='word_1_271' title='bbox 1051 2948 1185 3000; x_wconf 85' lang='lat' dir='ltr'><strong>Lebasium</strong></span> <span class='ocrx_word' id='word_1_272' title='bbox 1198 2947 1230 3000; x_wconf 91' lang='lat' dir='ltr'><strong>lll</strong></span> <span class='ocrx_word' id='word_1_273' title='bbox 1242 2964 1266 2999; x_wconf 90' lang='lat' dir='ltr'><strong>n.</strong></span> <span class='ocrx_word' id='word_1_274' title='bbox 1282 2949 1346 3001; x_wconf 82' lang='grc'>1192</span> <span class='ocrx_word' id='word_1_275' title='bbox 1365 2946 1407 3011; x_wconf 85' lang='lat' dir='ltr'><strong>(ci.</strong></span> <span class='ocrx_word' id='word_1_276' title='bbox 1422 2949 1452 2999; x_wconf 89' lang='lat' dir='ltr'><strong>ad</strong></span> <span class='ocrx_word' id='word_1_277' title='bbox 1471 2966 1496 3000; x_wconf 90' lang='grc' dir='ltr'><strong>ιι.</strong></span> <span class='ocrx_word' id='word_1_278' title='bbox 1511 2948 1585 3015; x_wconf 79' lang='lat' dir='ltr'><strong>taso)</strong></span> 
     </span>
     <span class='ocr_line' id='line_1_26' title="bbox 232 3032 1586 3103; baseline 0 -18"><span class='ocrx_word' id='word_1_279' title='bbox 232 3034 402 3103; x_wconf 87' lang='lat' dir='ltr'><strong>probabiliter</strong></span> <span class='ocrx_word' id='word_1_280' title='bbox 424 3035 454 3084; x_wconf 90' lang='lat' dir='ltr'><strong>ad</strong></span> <span class='ocrx_word' id='word_1_281' title='bbox 474 3034 592 3101; x_wconf 82' lang='lat' dir='ltr'><strong>epocham</strong></span> <span class='ocrx_word' id='word_1_282' title='bbox 615 3035 762 3101; x_wconf 81' lang='lat' dir='ltr'><strong>provinciae</strong></span> <span class='ocrx_word' id='word_1_283' title='bbox 783 3035 862 3086; x_wconf 87' lang='lat' dir='ltr'><strong>Asiae</strong></span> <span class='ocrx_word' id='word_1_284' title='bbox 881 3035 1024 3086; x_wconf 86' lang='lat' dir='ltr'><strong>revocavit.</strong></span> <span class='ocrx_word' id='word_1_285' title='bbox 1062 3037 1097 3086; x_wconf 90' lang='lat' dir='ltr'><strong>At</strong></span> <span class='ocrx_word' id='word_1_286' title='bbox 1114 3034 1239 3103; x_wconf 77' lang='lat' dir='ltr'><strong>Amyntas</strong></span> <span class='ocrx_word' id='word_1_287' title='bbox 1256 3050 1303 3086; x_wconf 86' lang='lat' dir='ltr'><strong>rex</strong></span> <span class='ocrx_word' id='word_1_288' title='bbox 1322 3032 1441 3086; x_wconf 80' lang='lat' dir='ltr'><strong>Galatiae</strong></span> <span class='ocrx_word' id='word_1_289' title='bbox 1458 3051 1514 3086; x_wconf 91' lang='lat' dir='ltr'><strong>cum</strong></span> <span class='ocrx_word' id='word_1_290' title='bbox 1531 3051 1586 3087; x_wconf 87' lang='lat' dir='ltr'><strong>eam</strong></span> 
     </span>
     <span class='ocr_line' id='line_1_27' title="bbox 233 3116 1586 3193; baseline 0 -20"><span class='ocrx_word' id='word_1_291' title='bbox 233 3137 312 3186; x_wconf 82' lang='lat' dir='ltr'><strong>reguo</strong></span> <span class='ocrx_word' id='word_1_292' title='bbox 331 3138 376 3173; x_wconf 90' lang='lat' dir='ltr'><strong>suo</strong></span> <span class='ocrx_word' id='word_1_293' title='bbox 395 3120 534 3172; x_wconf 88' lang='lat' dir='ltr'><strong>adiecisset</strong></span> <span class='ocrx_word' id='word_1_294' title='bbox 551 3121 653 3182; x_wconf 83' lang='lat' dir='ltr'><strong>(Strabo</strong></span> <span class='ocrx_word' id='word_1_295' title='bbox 674 3122 713 3185; x_wconf 81' lang='lat'><strong>12,</strong></span> <span class='ocrx_word' id='word_1_296' title='bbox 731 3122 756 3185; x_wconf 92' lang='grc'><strong>6,</strong></span> <span class='ocrx_word' id='word_1_297' title='bbox 774 3122 790 3172; x_wconf 83' lang='grc'><strong>4</strong></span> <span class='ocrx_word' id='word_1_298' title='bbox 807 3137 831 3188; x_wconf 92' lang='lat' dir='ltr'><strong>p.</strong></span> <span class='ocrx_word' id='word_1_299' title='bbox 845 3121 908 3173; x_wconf 82' lang='lat'>569:</span> <span class='ocrx_word' id='word_1_300' title='bbox 932 3116 981 3188; x_wconf 77' lang='grc' dir='ltr'><strong>τὴν</strong></span> <span class='ocrx_word' id='word_1_301' title='bbox 994 3117 1166 3188; x_wconf 75' lang='grc' dir='ltr'><strong>Ἀντιόχειαν</strong></span> <span class='ocrx_word' id='word_1_302' title='bbox 1182 3119 1255 3189; x_wconf 77' lang='grc' dir='ltr'><strong><em>ἔχων</em></strong></span> <span class='ocrx_word' id='word_1_303' title='bbox 1270 3116 1321 3184; x_wconf 75' lang='grc' dir='ltr'><strong>τὴν</strong></span> <span class='ocrx_word' id='word_1_304' title='bbox 1336 3116 1409 3190; x_wconf 79' lang='grc' dir='ltr'><strong><em>πρὸς</em></strong></span> <span class='ocrx_word' id='word_1_305' title='bbox 1424 3122 1457 3193; x_wconf 79' lang='grc' dir='ltr'><strong>τῇ</strong></span> <span class='ocrx_word' id='word_1_306' title='bbox 1473 3120 1586 3189; x_wconf 76' lang='grc' dir='ltr'><strong><em>Πισιδίῳ</em></strong></span> 
     </span>
     <span class='ocr_line' id='line_1_28' title="bbox 232 3200 1587 3277; baseline -0.001 -17"><span class='ocrx_word' id='word_1_307' title='bbox 232 3210 314 3277; x_wconf 75' lang='grc' dir='ltr'><strong><em>μέχρι</em></strong></span> <span class='ocrx_word' id='word_1_308' title='bbox 334 3202 548 3263; x_wconf 73' lang='grc' dir='ltr'><strong><em>Ἀπολλωνίοιίος</em></strong></span> <span class='ocrx_word' id='word_1_309' title='bbox 570 3206 617 3271; x_wconf 76' lang='grc' dir='ltr'><strong>τῆς</strong></span> <span class='ocrx_word' id='word_1_310' title='bbox 638 3202 709 3275; x_wconf 85' lang='grc' dir='ltr'><strong><em>πρὸς</em></strong></span> <span class='ocrx_word' id='word_1_311' title='bbox 727 3200 864 3274; x_wconf 79' lang='grc' dir='ltr'><em>Ἀπαμείᾳ</em></span> <span class='ocrx_word' id='word_1_312' title='bbox 887 3206 920 3277; x_wconf 73' lang='grc' dir='ltr'><strong>ιη’</strong></span> <span class='ocrx_word' id='word_1_313' title='bbox 942 3204 1058 3272; x_wconf 64' lang='lat' dir='ltr'><strong>uiseret</strong></span> <span class='ocrx_word' id='word_1_314' title='bbox 1078 3208 1124 3258; x_wconf 76' lang='grc' dir='ltr'><strong>καὶ</strong></span> <span class='ocrx_word' id='word_1_315' title='bbox 1144 3205 1189 3269; x_wconf 71' lang='grc' dir='ltr'><strong>τῆς</strong></span> <span class='ocrx_word' id='word_1_316' title='bbox 1209 3210 1368 3276; x_wconf 81' lang='grc' dir='ltr'><strong><em>παρωρείου</em></strong></span> <span class='ocrx_word' id='word_1_317' title='bbox 1388 3204 1449 3259; x_wconf 74' lang='grc' dir='ltr'><strong><em>τινὰ</em></strong></span> <span class='ocrx_word' id='word_1_318' title='bbox 1472 3208 1518 3258; x_wconf 74' lang='grc' dir='ltr'><strong>καί</strong></span> <span class='ocrx_word' id='word_1_319' title='bbox 1538 3204 1587 3273; x_wconf 77' lang='grc' dir='ltr'><strong>τὴν</strong></span> 
     </span>
     <span class='ocr_line' id='line_1_29' title="bbox 232 3292 1585 3360; baseline -0.002 -13"><span class='ocrx_word' id='word_1_320' title='bbox 232 3297 417 3359; x_wconf 80' lang='grc' dir='ltr'><strong>Λυκαονίαν),</strong></span> <span class='ocrx_word' id='word_1_321' title='bbox 440 3294 470 3345; x_wconf 94' lang='lat' dir='ltr'><strong>ab</strong></span> <span class='ocrx_word' id='word_1_322' title='bbox 493 3312 522 3346; x_wconf 93' lang='lat' dir='ltr'><strong>eo</strong></span> <span class='ocrx_word' id='word_1_323' title='bbox 545 3296 604 3347; x_wconf 88' lang='lat' dir='ltr'><strong>inda</strong></span> <span class='ocrx_word' id='word_1_324' title='bbox 629 3302 743 3360; x_wconf 86' lang='lat' dir='ltr'><strong>tempore</strong></span> <span class='ocrx_word' id='word_1_325' title='bbox 760 3292 874 3345; x_wconf 83' lang='lat' dir='ltr'><strong>Pisidiae</strong></span> <span class='ocrx_word' id='word_1_326' title='bbox 897 3293 1023 3345; x_wconf 82' lang='lat' dir='ltr'><strong>attributa</strong></span> <span class='ocrx_word' id='word_1_327' title='bbox 1051 3310 1111 3360; x_wconf 87' lang='lat' dir='ltr'><strong>pars</strong></span> <span class='ocrx_word' id='word_1_328' title='bbox 1134 3294 1228 3345; x_wconf 90' lang='lat' dir='ltr'><strong>mansit</strong></span> <span class='ocrx_word' id='word_1_329' title='bbox 1249 3293 1398 3360; x_wconf 82' lang='lat' dir='ltr'><strong>provinciae</strong></span> <span class='ocrx_word' id='word_1_330' title='bbox 1417 3292 1536 3346; x_wconf 80' lang='lat' dir='ltr'><strong>Galatiae</strong></span> <span class='ocrx_word' id='word_1_331' title='bbox 1553 3308 1585 3345; x_wconf 80' lang='lat' dir='ltr'><strong>aa</strong></span> 
     </span>
     <span class='ocr_line' id='line_1_30' title="bbox 234 3371 1587 3451; baseline 0.002 -18"><span class='ocrx_word' id='word_1_332' title='bbox 234 3396 313 3447; x_wconf 75' lang='lat' dir='ltr'><strong>ragno</strong></span> <span class='ocrx_word' id='word_1_333' title='bbox 333 3381 378 3432; x_wconf 84' lang='lat' dir='ltr'><strong>ttlo</strong></span> <span class='ocrx_word' id='word_1_334' title='bbox 397 3381 501 3434; x_wconf 79' lang='lat' dir='ltr'><strong>adeone</strong></span> <span class='ocrx_word' id='word_1_335' title='bbox 519 3380 688 3449; x_wconf 83' lang='lat' dir='ltr'><strong>(Ptolemaeus</strong></span> <span class='ocrx_word' id='word_1_336' title='bbox 707 3384 731 3445; x_wconf 83' lang='lat' dir='ltr'><strong>t,</strong></span> <span class='ocrx_word' id='word_1_337' title='bbox 750 3382 775 3445; x_wconf 83' lang='lat' dir='ltr'><strong>t,</strong></span> <span class='ocrx_word' id='word_1_338' title='bbox 795 3382 839 3442; x_wconf 77' lang='lat'><strong>113</strong></span> <span class='ocrx_word' id='word_1_339' title='bbox 864 3378 1005 3446; x_wconf 82' lang='lat' dir='ltr'><strong>Stephanus</strong></span> <span class='ocrx_word' id='word_1_340' title='bbox 1027 3380 1087 3448; x_wconf 76' lang='lat' dir='ltr'><strong>llys.</strong></span> <span class='ocrx_word' id='word_1_341' title='bbox 1105 3395 1126 3431; x_wconf 77' lang='lat' dir='ltr'><strong>s,</strong></span> <span class='ocrx_word' id='word_1_342' title='bbox 1146 3394 1185 3431; x_wconf 73' lang='lat' dir='ltr'><strong>uz</strong></span> <span class='ocrx_word' id='word_1_343' title='bbox 1208 3371 1241 3439; x_wconf 66' lang='lat' dir='ltr'><strong>ct*</strong></span> <span class='ocrx_word' id='word_1_344' title='bbox 1258 3376 1389 3436; x_wconf 79' lang='grc' dir='ltr'><strong><em>Πισιδίαε</em></strong></span> <span class='ocrx_word' id='word_1_345' title='bbox 1411 3377 1428 3445; x_wconf 75' lang='lat' dir='ltr'><strong>i</strong></span> <span class='ocrx_word' id='word_1_346' title='bbox 1451 3377 1587 3451; x_wconf 80' lang='grc' dir='ltr'><strong><em>πρότερον</em></strong></span> 
     </span>
     <span class='ocr_line' id='line_1_31' title="bbox 233 3463 414 3540; baseline 0 -21"><span class='ocrx_word' id='word_1_347' title='bbox 233 3463 414 3540; x_wconf 74' lang='grc' dir='ltr'><strong><em>Μορδιάιον).</em></strong></span> 
     </span>
     <span class='ocr_line' id='line_1_32' title="bbox 334 3550 1588 3621; baseline 0.002 -18"><span class='ocrx_word' id='word_1_348' title='bbox 334 3554 355 3621; x_wconf 89' lang='lat'><strong>¹)</strong></span> <span class='ocrx_word' id='word_1_349' title='bbox 373 3553 399 3605; x_wconf 87' lang='lat' dir='ltr'><strong>G.</strong></span> <span class='ocrx_word' id='word_1_350' title='bbox 418 3552 437 3604; x_wconf 97' lang='lat' dir='ltr'><strong>l.</strong></span> <span class='ocrx_word' id='word_1_351' title='bbox 456 3552 501 3606; x_wconf 89' lang='lat' dir='ltr'><strong>Gr.</strong></span> <span class='ocrx_word' id='word_1_352' title='bbox 519 3554 586 3608; x_wconf 82' lang='grc'><strong>4039</strong></span> <span class='ocrx_word' id='word_1_353' title='bbox 604 3554 699 3606; x_wconf 88' lang='lat' dir='ltr'><strong>additis</strong></span> <span class='ocrx_word' id='word_1_354' title='bbox 717 3554 751 3606; x_wconf 92' lang='lat' dir='ltr'><strong>iis</strong></span> <span class='ocrx_word' id='word_1_355' title='bbox 771 3570 833 3620; x_wconf 88' lang='lat' dir='ltr'><strong>quaa</strong></span> <span class='ocrx_word' id='word_1_356' title='bbox 852 3554 883 3605; x_wconf 87' lang='lat' dir='ltr'><strong>de</strong></span> <span class='ocrx_word' id='word_1_357' title='bbox 901 3553 1013 3605; x_wconf 87' lang='lat' dir='ltr'><strong>lectione</strong></span> <span class='ocrx_word' id='word_1_358' title='bbox 1031 3552 1184 3604; x_wconf 84' lang='lat' dir='ltr'><strong>observavit</strong></span> <span class='ocrx_word' id='word_1_359' title='bbox 1196 3550 1320 3603; x_wconf 89' lang='lat' dir='ltr'><strong>Perrotus</strong></span> <span class='ocrx_word' id='word_1_360' title='bbox 1331 3552 1397 3621; x_wconf 49' lang='lat' dir='ltr'><strong>expli</strong></span> <span class='ocrx_word' id='word_1_361' title='bbox 1409 3554 1479 3605; x_wconf 76' lang='lat' dir='ltr'><strong>mb.</strong></span> <span class='ocrx_word' id='word_1_362' title='bbox 1493 3570 1517 3621; x_wconf 92' lang='lat' dir='ltr'><strong>p.</strong></span> <span class='ocrx_word' id='word_1_363' title='bbox 1530 3552 1588 3605; x_wconf 82' lang='grc'>261.</span> 
     </span>
     <span class='ocr_line' id='line_1_33' title="bbox 235 3630 1589 3709; baseline -0.002 -17"><span class='ocrx_word' id='word_1_364' title='bbox 235 3642 307 3707; x_wconf 85' lang='lat' dir='ltr'><strong>Apud</strong></span> <span class='ocrx_word' id='word_1_365' title='bbox 325 3639 455 3706; x_wconf 88' lang='lat' dir='ltr'><strong>losepbnm</strong></span> <span class='ocrx_word' id='word_1_366' title='bbox 475 3648 535 3704; x_wconf 77' lang='lat' dir='ltr'><strong>taut</strong></span> <span class='ocrx_word' id='word_1_367' title='bbox 557 3642 595 3701; x_wconf 92' lang='grc'>16,</span> <span class='ocrx_word' id='word_1_368' title='bbox 607 3641 632 3706; x_wconf 85' lang='grc'><strong>6,</strong></span> <span class='ocrx_word' id='word_1_369' title='bbox 646 3641 672 3709; x_wconf 77' lang='lat' dir='ltr'><strong>l)</strong></span> <span class='ocrx_word' id='word_1_370' title='bbox 689 3644 715 3693; x_wconf 89' lang='lat' dir='ltr'><strong>io</strong></span> <span class='ocrx_word' id='word_1_371' title='bbox 734 3642 833 3693; x_wconf 87' lang='lat' dir='ltr'><strong>decreti</strong></span> <span class='ocrx_word' id='word_1_372' title='bbox 851 3640 961 3707; x_wconf 65' lang='lat' dir='ltr'><strong>Augusti</strong></span> <span class='ocrx_word' id='word_1_373' title='bbox 980 3640 1080 3692; x_wconf 86' lang='lat' dir='ltr'><strong>verbis:</strong></span> <span class='ocrx_word' id='word_1_374' title='bbox 1104 3636 1133 3690; x_wconf 75' lang='grc' dir='ltr'><strong>ἐν</strong></span> <span class='ocrx_word' id='word_1_375' title='bbox 1149 3630 1341 3706; x_wconf 69' lang='grc' dir='ltr'><strong><em>ἐπισημοτάτῳ</em></strong></span> <span class='ocrx_word' id='word_1_376' title='bbox 1358 3633 1434 3705; x_wconf 85' lang='grc' dir='ltr'><strong><em>τόπῳ</em></strong></span> <span class='ocrx_word' id='word_1_377' title='bbox 1449 3640 1589 3707; x_wconf 73' lang='grc' dir='ltr'><strong>γενηθέντι</strong></span> 
     </span>
     <span class='ocr_line' id='line_1_34' title="bbox 233 3722 1589 3799; baseline -0.001 -21"><span class='ocrx_word' id='word_1_378' title='bbox 233 3744 283 3795; x_wconf 91' lang='grc' dir='ltr'><strong>μοι</strong></span> <span class='ocrx_word' id='word_1_379' title='bbox 300 3722 356 3777; x_wconf 89' lang='grc' dir='ltr'><strong>ύπὸ</strong></span> <span class='ocrx_word' id='word_1_380' title='bbox 373 3727 423 3779; x_wconf 81' lang='grc' dir='ltr'><strong>τοῦ</strong></span> <span class='ocrx_word' id='word_1_381' title='bbox 441 3725 536 3778; x_wconf 80' lang='grc' dir='ltr'><strong><em>κοινοῦ</em></strong></span> <span class='ocrx_word' id='word_1_382' title='bbox 552 3727 598 3792; x_wconf 77' lang='grc' dir='ltr'><strong>τῆς</strong></span> <span class='ocrx_word' id='word_1_383' title='bbox 608 3724 701 3785; x_wconf 80' lang='grc' dir='ltr'><strong><em>Ἀσίας</em></strong></span> <span class='ocrx_word' id='word_1_384' title='bbox 712 3727 742 3781; x_wconf 77' lang='lat' dir='ltr'><strong>ds</strong></span> <span class='ocrx_word' id='word_1_385' title='bbox 756 3722 872 3799; x_wconf 81' lang='grc' dir='ltr'><strong><em>Ἀργύρη</em></strong></span> <span class='ocrx_word' id='word_1_386' title='bbox 886 3733 957 3778; x_wconf 87' lang='lat' dir='ltr'><strong>recte</strong></span> <span class='ocrx_word' id='word_1_387' title='bbox 969 3727 1067 3777; x_wconf 84' lang='lat' dir='ltr'><strong>monuit</strong></span> <span class='ocrx_word' id='word_1_388' title='bbox 1079 3725 1227 3777; x_wconf 87' lang='lat' dir='ltr'><strong>Cbisbullns</strong></span> <span class='ocrx_word' id='word_1_389' title='bbox 1239 3742 1262 3792; x_wconf 90' lang='lat' dir='ltr'><strong>p.</strong></span> <span class='ocrx_word' id='word_1_390' title='bbox 1278 3726 1326 3780; x_wconf 91' lang='grc'>166</span> <span class='ocrx_word' id='word_1_391' title='bbox 1339 3726 1477 3777; x_wconf 87' lang='lat' dir='ltr'><strong>cavendum</strong></span> <span class='ocrx_word' id='word_1_392' title='bbox 1489 3740 1547 3777; x_wconf 87' lang='lat' dir='ltr'><strong>essa</strong></span> <span class='ocrx_word' id='word_1_393' title='bbox 1558 3726 1589 3777; x_wconf 89' lang='lat' dir='ltr'><strong>ab</strong></span> 
     </span>
     <span class='ocr_line' id='line_1_35' title="bbox 236 3806 1590 3885; baseline -0.003 -18"><span class='ocrx_word' id='word_1_394' title='bbox 236 3815 411 3867; x_wconf 87' lang='lat' dir='ltr'><strong>emendatione</strong></span> <span class='ocrx_word' id='word_1_395' title='bbox 436 3813 601 3879; x_wconf 74' lang='lat' dir='ltr'><strong>Scaligarana</strong></span> <span class='ocrx_word' id='word_1_396' title='bbox 626 3815 701 3866; x_wconf 92' lang='lat' dir='ltr'><strong>bodie</strong></span> <span class='ocrx_word' id='word_1_397' title='bbox 724 3822 827 3881; x_wconf 83' lang='lat' dir='ltr'><strong>recepta</strong></span> <span class='ocrx_word' id='word_1_398' title='bbox 850 3810 879 3865; x_wconf 76' lang='lat' dir='ltr'><strong>lv</strong></span> <span class='ocrx_word' id='word_1_399' title='bbox 896 3806 1022 3885; x_wconf 68' lang='grc' dir='ltr'><strong><em>Ἀγκύρῃ)</em></strong></span> <span class='ocrx_word' id='word_1_400' title='bbox 1052 3814 1235 3879; x_wconf 81' lang='lat' dir='ltr'><strong>expectandum</strong></span> <span class='ocrx_word' id='word_1_401' title='bbox 1258 3820 1328 3866; x_wconf 86' lang='lat' dir='ltr'><strong>certe</strong></span> <span class='ocrx_word' id='word_1_402' title='bbox 1352 3814 1378 3864; x_wconf 90' lang='lat' dir='ltr'><strong>id</strong></span> <span class='ocrx_word' id='word_1_403' title='bbox 1402 3813 1468 3878; x_wconf 87' lang='lat' dir='ltr'><strong>quod</strong></span> <span class='ocrx_word' id='word_1_404' title='bbox 1491 3812 1590 3863; x_wconf 84' lang='lat' dir='ltr'><strong>Petitns</strong></span> 
     </span>
     <span class='ocr_line' id='line_1_36' title="bbox 234 3891 1590 3971; baseline -0.002 -19"><span class='ocrx_word' id='word_1_405' title='bbox 234 3902 374 3953; x_wconf 86' lang='lat' dir='ltr'><strong>restituere</strong></span> <span class='ocrx_word' id='word_1_406' title='bbox 394 3916 471 3951; x_wconf 90' lang='lat' dir='ltr'><strong>ausus</strong></span> <span class='ocrx_word' id='word_1_407' title='bbox 489 3907 530 3951; x_wconf 89' lang='lat' dir='ltr'><strong>est</strong></span> <span class='ocrx_word' id='word_1_408' title='bbox 547 3900 577 3953; x_wconf 73' lang='grc' dir='ltr'><strong>ἐν</strong></span> <span class='ocrx_word' id='word_1_409' title='bbox 593 3894 736 3971; x_wconf 76' lang='grc' dir='ltr'><strong><em>Περγάμῳ</em></strong></span> <span class='ocrx_word' id='word_1_410' title='bbox 754 3900 824 3963; x_wconf 79' lang='lat' dir='ltr'><strong>(Tac.</strong></span> <span class='ocrx_word' id='word_1_411' title='bbox 837 3916 894 3951; x_wconf 89' lang='lat' dir='ltr'><strong>auu.</strong></span> <span class='ocrx_word' id='word_1_412' title='bbox 908 3901 932 3962; x_wconf 82' lang='grc'>1,</span> <span class='ocrx_word' id='word_1_413' title='bbox 945 3899 976 3950; x_wconf 89' lang='grc'><strong>37</strong></span> <span class='ocrx_word' id='word_1_414' title='bbox 996 3900 1043 3963; x_wconf 88' lang='lat' dir='ltr'><strong>al.;</strong></span> <span class='ocrx_word' id='word_1_415' title='bbox 1060 3901 1208 3967; x_wconf 79' lang='grc' dir='ltr'><strong><em>νεμηθίνιι</em></strong></span> <span class='ocrx_word' id='word_1_416' title='bbox 1219 3927 1253 3936; x_wconf 93' lang='grc'><strong>-</strong></span> <span class='ocrx_word' id='word_1_417' title='bbox 1264 3898 1295 3953; x_wconf 74' lang='grc' dir='ltr'><strong>ἐν</strong></span> <span class='ocrx_word' id='word_1_418' title='bbox 1305 3891 1455 3968; x_wconf 77' lang='grc' dir='ltr'><strong><em>πανηγύρει</em></strong></span> <span class='ocrx_word' id='word_1_419' title='bbox 1469 3898 1590 3965; x_wconf 68' lang='grc' dir='ltr'><strong><em>Βοιρὶίιιε</em></strong></span> 
     </span>
     <span class='ocr_line' id='line_1_37' title="bbox 234 3985 1591 4056; baseline -0.001 -19"><span class='ocrx_word' id='word_1_420' title='bbox 234 4006 257 4056; x_wconf 90' lang='lat' dir='ltr'><strong>p.</strong></span> <span class='ocrx_word' id='word_1_421' title='bbox 271 3989 285 4037; x_wconf 89' lang='grc'>7</span> <span class='ocrx_word' id='word_1_422' title='bbox 305 4004 328 4039; x_wconf 90' lang='lat' dir='ltr'><strong>u.</strong></span> <span class='ocrx_word' id='word_1_423' title='bbox 348 3990 383 4053; x_wconf 90' lang='grc'><strong>7).</strong></span> <span class='ocrx_word' id='word_1_424' title='bbox 408 3989 543 4039; x_wconf 84' lang='lat' dir='ltr'><strong>Decretum</strong></span> <span class='ocrx_word' id='word_1_425' title='bbox 562 3990 690 4055; x_wconf 89' lang='lat' dir='ltr'><strong>pertinere</strong></span> <span class='ocrx_word' id='word_1_426' title='bbox 708 3989 740 4039; x_wconf 93' lang='lat' dir='ltr'><strong>ad</strong></span> <span class='ocrx_word' id='word_1_427' title='bbox 752 3988 840 4038; x_wconf 89' lang='lat' dir='ltr'><strong>Asiam</strong></span> <span class='ocrx_word' id='word_1_428' title='bbox 854 3986 1012 4054; x_wconf 87' lang='lat' dir='ltr'><strong>provinciam</strong></span> <span class='ocrx_word' id='word_1_429' title='bbox 1025 4000 1055 4037; x_wconf 89' lang='lat' dir='ltr'><strong>eo</strong></span> <span class='ocrx_word' id='word_1_430' title='bbox 1068 3985 1148 4050; x_wconf 76' lang='lat' dir='ltr'><strong>magis</strong></span> <span class='ocrx_word' id='word_1_431' title='bbox 1161 3992 1271 4050; x_wconf 79' lang='lat' dir='ltr'><strong>constas,</strong></span> <span class='ocrx_word' id='word_1_432' title='bbox 1288 3987 1352 4052; x_wconf 83' lang='lat' dir='ltr'><strong>quod</strong></span> <span class='ocrx_word' id='word_1_433' title='bbox 1367 3986 1392 4036; x_wconf 90' lang='lat' dir='ltr'><strong>in</strong></span> <span class='ocrx_word' id='word_1_434' title='bbox 1406 4001 1435 4036; x_wconf 88' lang='lat' dir='ltr'><strong>eo</strong></span> <span class='ocrx_word' id='word_1_435' title='bbox 1448 3986 1591 4037; x_wconf 85' lang='lat' dir='ltr'><strong>nominatur</strong></span> 
     </span>
     <span class='ocr_line' id='line_1_38' title="bbox 147 4070 1591 4141; baseline -0.002 -14"><span class='ocrx_word' id='word_1_436' title='bbox 147 4076 150 4083; x_wconf 88' lang='lat'>&#39;</span> <span class='ocrx_word' id='word_1_437' title='bbox 234 4075 262 4126; x_wconf 86' lang='lat' dir='ltr'><strong>C.</strong></span> <span class='ocrx_word' id='word_1_438' title='bbox 277 4076 389 4127; x_wconf 86' lang='lat' dir='ltr'><strong>Marcius</strong></span> <span class='ocrx_word' id='word_1_439' title='bbox 408 4076 562 4127; x_wconf 85' lang='lat' dir='ltr'><strong>Censorinus</strong></span> <span class='ocrx_word' id='word_1_440' title='bbox 581 4076 615 4138; x_wconf 88' lang='lat' dir='ltr'><strong>(v.</strong></span> <span class='ocrx_word' id='word_1_441' title='bbox 630 4074 802 4140; x_wconf 76' lang='lat' dir='ltr'><strong>Waddiugtou</strong></span> <span class='ocrx_word' id='word_1_442' title='bbox 815 4075 907 4141; x_wconf 80' lang='lat' dir='ltr'><strong>suetae</strong></span> <span class='ocrx_word' id='word_1_443' title='bbox 924 4073 968 4123; x_wconf 83' lang='lat' dir='ltr'><strong>dea</strong></span> <span class='ocrx_word' id='word_1_444' title='bbox 989 4087 1059 4141; x_wconf 86' lang='lat' dir='ltr'><strong>prou.</strong></span> <span class='ocrx_word' id='word_1_445' title='bbox 1078 4074 1126 4123; x_wconf 83' lang='lat' dir='ltr'><strong>Aa.</strong></span> <span class='ocrx_word' id='word_1_446' title='bbox 1145 4089 1168 4139; x_wconf 89' lang='lat' dir='ltr'><strong>p.</strong></span> <span class='ocrx_word' id='word_1_447' title='bbox 1181 4072 1231 4123; x_wconf 84' lang='grc'><strong>669</strong></span> <span class='ocrx_word' id='word_1_448' title='bbox 1253 4079 1279 4123; x_wconf 89' lang='lat' dir='ltr'><strong>et</strong></span> <span class='ocrx_word' id='word_1_449' title='bbox 1296 4070 1363 4124; x_wconf 88' lang='lat' dir='ltr'><strong>inira</strong></span> <span class='ocrx_word' id='word_1_450' title='bbox 1381 4089 1404 4140; x_wconf 93' lang='lat' dir='ltr'><strong>p.</strong></span> <span class='ocrx_word' id='word_1_451' title='bbox 1420 4074 1487 4136; x_wconf 83' lang='grc'>171).</span> <span class='ocrx_word' id='word_1_452' title='bbox 1518 4074 1591 4124; x_wconf 86' lang='lat' dir='ltr'><strong>Cete-</strong></span> 
     </span>
     <span class='ocr_line' id='line_1_39' title="bbox 235 4156 1591 4227; baseline -0.003 -13"><span class='ocrx_word' id='word_1_453' title='bbox 235 4179 290 4215; x_wconf 89' lang='lat' dir='ltr'><strong>rum</strong></span> <span class='ocrx_word' id='word_1_454' title='bbox 317 4162 418 4227; x_wconf 80' lang='lat' dir='ltr'><strong>insigne</strong></span> <span class='ocrx_word' id='word_1_455' title='bbox 444 4162 572 4213; x_wconf 86' lang='lat' dir='ltr'><strong>decretum</strong></span> <span class='ocrx_word' id='word_1_456' title='bbox 595 4162 622 4213; x_wconf 91' lang='lat' dir='ltr'><strong>iu</strong></span> <span class='ocrx_word' id='word_1_457' title='bbox 646 4161 756 4225; x_wconf 76' lang='lat' dir='ltr'><strong>Augusti</strong></span> <span class='ocrx_word' id='word_1_458' title='bbox 779 4161 900 4211; x_wconf 91' lang='lat' dir='ltr'><strong>bonorem</strong></span> <span class='ocrx_word' id='word_1_459' title='bbox 924 4156 1017 4210; x_wconf 83' lang='lat' dir='ltr'><strong>laetum</strong></span> <span class='ocrx_word' id='word_1_460' title='bbox 1040 4174 1054 4210; x_wconf 90' lang='lat' dir='ltr'><strong>a</strong></span> <span class='ocrx_word' id='word_1_461' title='bbox 1078 4158 1192 4223; x_wconf 85' lang='lat' dir='ltr'><strong>Lesbiis,</strong></span> <span class='ocrx_word' id='word_1_462' title='bbox 1219 4158 1284 4224; x_wconf 87' lang='lat' dir='ltr'><strong>quod</strong></span> <span class='ocrx_word' id='word_1_463' title='bbox 1307 4159 1441 4226; x_wconf 77' lang='lat' dir='ltr'><strong>blytileuis</strong></span> <span class='ocrx_word' id='word_1_464' title='bbox 1464 4167 1591 4227; x_wconf 87' lang='lat' dir='ltr'><strong>repertum</strong></span> 
     </span>
     <span class='ocr_line' id='line_1_40' title="bbox 234 4244 1592 4316; baseline -0.001 -17"><span class='ocrx_word' id='word_1_465' title='bbox 234 4250 315 4300; x_wconf 85' lang='lat' dir='ltr'><strong>edidit</strong></span> <span class='ocrx_word' id='word_1_466' title='bbox 333 4249 442 4299; x_wconf 84' lang='lat' dir='ltr'><strong>Couaius</strong></span> <span class='ocrx_word' id='word_1_467' title='bbox 460 4246 544 4315; x_wconf 64' lang='lat' dir='ltr'><strong>(saue</strong></span> <span class='ocrx_word' id='word_1_468' title='bbox 559 4250 613 4316; x_wconf 79' lang='lat' dir='ltr'><strong>aus</strong></span> <span class='ocrx_word' id='word_1_469' title='bbox 626 4246 671 4299; x_wconf 84' lang='lat' dir='ltr'><strong>der</strong></span> <span class='ocrx_word' id='word_1_470' title='bbox 689 4247 759 4299; x_wconf 83' lang='lat' dir='ltr'><strong>lueet</strong></span> <span class='ocrx_word' id='word_1_471' title='bbox 775 4244 868 4299; x_wconf 79' lang='lat' dir='ltr'><strong>Lesbos</strong></span> <span class='ocrx_word' id='word_1_472' title='bbox 885 4248 937 4300; x_wconf 82' lang='lat' dir='ltr'><strong>tab.</strong></span> <span class='ocrx_word' id='word_1_473' title='bbox 956 4262 1010 4312; x_wconf 83' lang='lat' dir='ltr'><strong>rrr.;</strong></span> <span class='ocrx_word' id='word_1_474' title='bbox 1032 4244 1207 4313; x_wconf 75' lang='lat' dir='ltr'><strong>imperfectum</strong></span> <span class='ocrx_word' id='word_1_475' title='bbox 1224 4246 1321 4311; x_wconf 70' lang='lat' dir='ltr'><strong>legitur</strong></span> <span class='ocrx_word' id='word_1_476' title='bbox 1339 4246 1366 4297; x_wconf 87' lang='lat' dir='ltr'><strong>C.</strong></span> <span class='ocrx_word' id='word_1_477' title='bbox 1382 4246 1399 4298; x_wconf 94' lang='lat' dir='ltr'><strong>l.</strong></span> <span class='ocrx_word' id='word_1_478' title='bbox 1417 4244 1462 4296; x_wconf 86' lang='lat' dir='ltr'><strong>Gr.</strong></span> <span class='ocrx_word' id='word_1_479' title='bbox 1481 4245 1592 4307; x_wconf 69' lang='lat' dir='ltr'><strong>tisim,</strong></span> 
     </span>
     <span class='ocr_line' id='line_1_41' title="bbox 235 4328 1593 4401; baseline -0.002 -14"><span class='ocrx_word' id='word_1_480' title='bbox 235 4336 305 4387; x_wconf 87' lang='lat' dir='ltr'><strong>aedis</strong></span> <span class='ocrx_word' id='word_1_481' title='bbox 329 4351 427 4401; x_wconf 80' lang='lat' dir='ltr'><strong>quoque</strong></span> <span class='ocrx_word' id='word_1_482' title='bbox 449 4335 523 4386; x_wconf 92' lang='lat' dir='ltr'><strong>illiua</strong></span> <span class='ocrx_word' id='word_1_483' title='bbox 541 4334 711 4400; x_wconf 82' lang='lat' dir='ltr'><strong>Pergamenae</strong></span> <span class='ocrx_word' id='word_1_484' title='bbox 733 4335 847 4385; x_wconf 78' lang='lat' dir='ltr'><strong>meminit</strong></span> <span class='ocrx_word' id='word_1_485' title='bbox 865 4335 917 4386; x_wconf 88' lang='lat' dir='ltr'><strong>sie:</strong></span> <span class='ocrx_word' id='word_1_486' title='bbox 935 4328 1083 4387; x_wconf 77' lang='grc' dir='ltr'><strong><em>ἀναθεῖναι</em></strong></span> <span class='ocrx_word' id='word_1_487' title='bbox 1103 4331 1132 4385; x_wconf 79' lang='grc' dir='ltr'><strong>δὲ</strong></span> <span class='ocrx_word' id='word_1_488' title='bbox 1149 4331 1256 4398; x_wconf 64' lang='lat' dir='ltr'><strong>dilectu</strong></span> <span class='ocrx_word' id='word_1_489' title='bbox 1273 4369 1360 4385; x_wconf 89' lang='grc'><strong>.....</strong></span> <span class='ocrx_word' id='word_1_490' title='bbox 1377 4331 1408 4386; x_wconf 73' lang='grc' dir='ltr'><strong>ἐν</strong></span> <span class='ocrx_word' id='word_1_491' title='bbox 1424 4334 1463 4401; x_wconf 77' lang='grc' dir='ltr'><strong>τῷ</strong></span> <span class='ocrx_word' id='word_1_492' title='bbox 1480 4333 1538 4401; x_wconf 72' lang='grc' dir='ltr'><strong>ναῷ</strong></span> <span class='ocrx_word' id='word_1_493' title='bbox 1555 4330 1593 4399; x_wconf 71' lang='grc' dir='ltr'><strong>τῷ</strong></span> 
     </span>
     <span class='ocr_line' id='line_1_42' title="bbox 234 4419 1593 4491; baseline -0.003 -17"><span class='ocrx_word' id='word_1_494' title='bbox 234 4422 503 4491; x_wconf 77' lang='grc' dir='ltr'><strong><em>κατασκ]εοαζομένῳ</em></strong></span> <span class='ocrx_word' id='word_1_495' title='bbox 526 4422 637 4485; x_wconf 84' lang='lat' dir='ltr'><strong>(scilicet</strong></span> <span class='ocrx_word' id='word_1_496' title='bbox 657 4438 721 4489; x_wconf 79' lang='lat' dir='ltr'><strong>quus</strong></span> <span class='ocrx_word' id='word_1_497' title='bbox 741 4420 906 4489; x_wconf 63' lang='lat' dir='ltr'><strong>aedificatum</strong></span> <span class='ocrx_word' id='word_1_498' title='bbox 989 4431 1188 4475; x_wconf 74' lang='grc' dir='ltr'><strong>ΕΥΑΣΟΜΕΝΩ</strong></span> <span class='ocrx_word' id='word_1_499' title='bbox 1205 4419 1327 4484; x_wconf 73' lang='lat' dir='ltr'><strong>maditus,</strong></span> <span class='ocrx_word' id='word_1_500' title='bbox 1345 4420 1490 4471; x_wconf 86' lang='lat' dir='ltr'><strong>emendavit</strong></span> <span class='ocrx_word' id='word_1_501' title='bbox 1508 4419 1593 4471; x_wconf 89' lang='lat' dir='ltr'><strong>Wila·</strong></span> 
     </span>
     <span class='ocr_line' id='line_1_43' title="bbox 234 4497 1594 4579; baseline -0.003 -19"><span class='ocrx_word' id='word_1_502' title='bbox 234 4508 390 4571; x_wconf 78' lang='lat' dir='ltr'><strong>mowitaiusl</strong></span> <span class='ocrx_word' id='word_1_503' title='bbox 416 4506 507 4575; x_wconf 81' lang='grc' dir='ltr'>α[6)ιῷ</span> <span class='ocrx_word' id='word_1_504' title='bbox 534 4504 589 4559; x_wconf 81' lang='grc' dir='ltr'><strong>ὑπὸ</strong></span> <span class='ocrx_word' id='word_1_505' title='bbox 615 4508 662 4573; x_wconf 80' lang='grc' dir='ltr'><strong>τῆς</strong></span> <span class='ocrx_word' id='word_1_506' title='bbox 688 4504 774 4565; x_wconf 63' lang='lat' dir='ltr'><strong>’solua</strong></span> <span class='ocrx_word' id='word_1_507' title='bbox 801 4506 831 4561; x_wconf 75' lang='grc' dir='ltr'><strong>ἒν</strong></span> <span class='ocrx_word' id='word_1_508' title='bbox 857 4497 997 4579; x_wconf 85' lang='grc' dir='ltr'><strong><em>Περγάμῳ</em></strong></span> <span class='ocrx_word' id='word_1_509' title='bbox 1022 4508 1077 4572; x_wconf 77' lang='lat' dir='ltr'><strong>arodi</strong></span> <span class='ocrx_word' id='word_1_510' title='bbox 1102 4506 1140 4570; x_wconf 75' lang='lat' dir='ltr'><strong>is]</strong></span> <span class='ocrx_word' id='word_1_511' title='bbox 1159 4541 1305 4557; x_wconf 90' lang='grc'><strong>.........</strong></span> <span class='ocrx_word' id='word_1_512' title='bbox 1315 4523 1337 4573; x_wconf 88' lang='grc' dir='ltr'><strong><em>ῳ</em></strong></span> <span class='ocrx_word' id='word_1_513' title='bbox 1362 4507 1408 4557; x_wconf 80' lang='grc' dir='ltr'><strong>καὶ</strong></span> <span class='ocrx_word' id='word_1_514' title='bbox 1431 4499 1524 4572; x_wconf 77' lang='grc' dir='ltr'><strong><em>Ἀκτίῳ</em></strong></span> <span class='ocrx_word' id='word_1_515' title='bbox 1547 4505 1594 4556; x_wconf 78' lang='lat' dir='ltr'><strong>aul</strong></span> 
     </span>
     <span class='ocr_line' id='line_1_44' title="bbox 234 4586 1593 4668; baseline -0.003 -21"><span class='ocrx_word' id='word_1_516' title='bbox 234 4598 389 4664; x_wconf 77' lang='grc' dir='ltr'><strong><em>Βρεντεσίῳ</em></strong></span> <span class='ocrx_word' id='word_1_517' title='bbox 407 4596 454 4645; x_wconf 73' lang='grc' dir='ltr'><strong>καὶ</strong></span> <span class='ocrx_word' id='word_1_518' title='bbox 468 4586 645 4668; x_wconf 76' lang='grc' dir='ltr'><strong>Ταῤῥά[κ)ωνι</strong></span> <span class='ocrx_word' id='word_1_519' title='bbox 662 4597 708 4646; x_wconf 80' lang='grc' dir='ltr'><strong>καί</strong></span> <span class='ocrx_word' id='word_1_520' title='bbox 719 4594 897 4661; x_wconf 59' lang='lat' dir='ltr'><strong>Memnonidas?</strong></span> <span class='ocrx_word' id='word_1_521' title='bbox 915 4630 1079 4646; x_wconf 87' lang='lat'><strong>..........</strong></span> <span class='ocrx_word' id='word_1_522' title='bbox 1097 4593 1144 4643; x_wconf 77' lang='grc' dir='ltr'><strong>καὶ</strong></span> <span class='ocrx_word' id='word_1_523' title='bbox 1154 4589 1332 4659; x_wconf 78' lang='grc' dir='ltr'><strong>Ἀ)νιιοχ)εί)ρ</strong></span> <span class='ocrx_word' id='word_1_524' title='bbox 1348 4588 1421 4664; x_wconf 82' lang='grc' dir='ltr'><strong><em>πρὸς</em></strong></span> <span class='ocrx_word' id='word_1_525' title='bbox 1437 4592 1470 4662; x_wconf 77' lang='grc' dir='ltr'><strong>τῇ</strong></span> <span class='ocrx_word' id='word_1_526' title='bbox 1481 4587 1593 4663; x_wconf 75' lang='grc' dir='ltr'><strong><em>Δάφνη.</em></strong></span> 
     </span>
     <span class='ocr_line' id='line_1_45' title="bbox 236 4678 1593 4749; baseline -0.001 -17"><span class='ocrx_word' id='word_1_527' title='bbox 236 4682 351 4748; x_wconf 88' lang='lat' dir='ltr'><strong>Apparet</strong></span> <span class='ocrx_word' id='word_1_528' title='bbox 373 4680 544 4749; x_wconf 73' lang='lat' dir='ltr'><strong>Mytilenaeos</strong></span> <span class='ocrx_word' id='word_1_529' title='bbox 567 4682 663 4734; x_wconf 83' lang='lat' dir='ltr'><strong>decreti</strong></span> <span class='ocrx_word' id='word_1_530' title='bbox 686 4682 726 4732; x_wconf 88' lang='lat' dir='ltr'><strong>sui</strong></span> <span class='ocrx_word' id='word_1_531' title='bbox 748 4680 862 4748; x_wconf 83' lang='lat' dir='ltr'><strong>exempla</strong></span> <span class='ocrx_word' id='word_1_532' title='bbox 889 4681 995 4747; x_wconf 89' lang='lat' dir='ltr'><strong>proponi</strong></span> <span class='ocrx_word' id='word_1_533' title='bbox 1017 4680 1125 4732; x_wconf 87' lang='lat' dir='ltr'><strong>iussisse</strong></span> <span class='ocrx_word' id='word_1_534' title='bbox 1145 4680 1254 4731; x_wconf 86' lang='lat' dir='ltr'><strong>maxima</strong></span> <span class='ocrx_word' id='word_1_535' title='bbox 1271 4679 1299 4731; x_wconf 89' lang='lat' dir='ltr'><strong>iu</strong></span> <span class='ocrx_word' id='word_1_536' title='bbox 1316 4679 1441 4745; x_wconf 87' lang='lat' dir='ltr'><strong>portibus,</strong></span> <span class='ocrx_word' id='word_1_537' title='bbox 1459 4679 1485 4730; x_wconf 84' lang='lat' dir='ltr'><strong>iu</strong></span> <span class='ocrx_word' id='word_1_538' title='bbox 1503 4678 1593 4746; x_wconf 83' lang='lat' dir='ltr'><strong>quibus</strong></span> 
     </span>
     <span class='ocr_line' id='line_1_46' title="bbox 236 4768 635 4834; baseline -0.003 -15"><span class='ocrx_word' id='word_1_539' title='bbox 236 4768 442 4834; x_wconf 82' lang='lat' dir='ltr'><strong>frequentissime</strong></span> <span class='ocrx_word' id='word_1_540' title='bbox 460 4776 635 4819; x_wconf 87' lang='lat' dir='ltr'><strong>versarentur.</strong></span> 
     </span>
    </p>
   </div>
   <div class='ocr_carea' id='block_1_7' title="bbox 1757 3298 1768 4900">
    <p class='ocr_par' dir='ltr' id='par_1_8' title="bbox 1757 3298 1768 4900">
     <span class='ocr_line' id='line_1_47' title="bbox 1757 3298 1768 4900; baseline 0 0"><span class='ocrx_word' id='word_1_541' title='bbox 1757 3298 1768 4900; x_wconf 95' lang='lat' dir='ltr'><strong> </strong></span> 
     </span>
    </p>
   </div>
   <div class='ocr_carea' id='block_1_8' title="bbox 0 0 1782 5412">
    <p class='ocr_par' dir='ltr' id='par_1_9' title="bbox 0 0 1782 5412">
     <span class='ocr_line' id='line_1_48' title="bbox 0 0 1782 5412; baseline 0 0"><span class='ocrx_word' id='word_1_542' title='bbox 0 0 1782 5412; x_wconf 95' lang='lat' dir='ltr'><strong> </strong></span> 
     </span>
    </p>
   </div>
  </div>
 </body>
</html>
