3525 5417
728 297 782 367 111,
801 300 908 356 ee-ea
1454 303 1495 368 63

140 481 226 562 capit,
249 479 344 559 qualia
359 477 516 560 Zumptius
537 477 692 558 proposuit
709 482 833 558 pecuaria
854 499 939 561 pecte
957 497 1013 560 pro
1035 484 1120 560 epu's.
1139 515 1178 523 -
1198 479 1308 542 Deinde
1329 500 1356 542 v.
1373 480 1414 541 22
1431 491 1498 562 post

140 580 357 668 στρατιώταις
383 601 457 662 quae
484 590 570 644 antea
597 591 738 664 temptata
761 592 832 644 sunt
853 578 1037 666 κεφάλαιον
1058 585 1189 664 γέγονεν
1210 585 1440 665 pensasse-cuv
1461 585 1498 646 ab

138 688 277 768 llauptio,
299 682 483 768 κεφάλαιον
503 685 632 763 γέγονεν
654 681 735 748 αὐτὸ
756 684 792 748 ἐν
806 680 935 764 Ἰταλίᾳ
951 705 967 747 a
983 686 1115 765 Rergbio,
1138 689 1195 748 iam
1213 688 1408 749 emendantur
1422 689 1496 749 duo-

138 792 195 853 bus
222 789 364 870 exemplis
393 788 499 851 melius
525 796 555 850 et
576 788 692 869 plenius
714 789 806 851 lectis.
830 825 870 836 —
893 789 975 850 Nona
997 790 1101 871 pagina
1122 809 1203 852 nunc
1223 790 1354 870 primurn
1376 793 1496 854 accedit.

239 893 302 954 lloc
323 893 389 954 loco
411 911 485 972 quae
508 893 674 966 traduntur,
697 903 781 954 antea
804 893 862 955 iam
886 893 921 954 de
941 893 1080 975 praemiis
1095 893 1222 956 militum
1246 893 1394 956 disserens
1412 897 1439 968 1,
1458 897 1496 956 17

137 996 276 1076 princeps
311 996 420 1076 tetigit,
451 996 500 1056 hic
529 996 701 1076 explicatius
726 997 850 1058 redeunt
876 997 953 1058 inter
979 996 1166 1059 liberalitates
1193 997 1305 1059 civibus
1333 1000 1495 1077 praestitas.

136 1099 302 1161 Narrantur
330 1109 429 1162 autem
452 1099 595 1160 hocloco
617 1099 692 1162 duae
714 1119 918 1180 res,quarum
942 1099 1023 1183 prior
1044 1100 1171 1180 pertinet
1192 1100 1228 1161 ad
1251 1120 1276 1162 a.
1301 1102 1379 1174 724,
1407 1103 1496 1164 altera

136 1203 172 1262 ad
200 1222 226 1264 a.
251 1203 323 1264 749.
366 1202 452 1263 hnuo
474 1201 536 1262 724
558 1202 708 1282 Augustus
735 1204 837 1266 scribit
858 1223 890 1264 se
914 1204 1056 1266 militibus
1079 1203 1276 1282 adsignavisse
1298 1204 1414 1285 praedia
1436 1205 1494 1267 lta-

135 1306 191 1368 lica
236 1314 266 1367 et
307 1325 360 1386 pro
397 1306 440 1367 eis
484 1325 655 1368 numerasse
697 1306 865 1388 municipiis
902 1308 1070 1369 sestertium
1107 1306 1224 1368 circiter
1260 1306 1354 1368 sexies
1391 1308 1495 1370 millies

136 1408 384 1488 (teudeberto).
429 1409 503 1470 Cum
530 1410 578 1471 his
600 1411 802 1490 componenda
824 1420 911 1484 sunt,
939 1429 1014 1490 quae
1036 1411 1071 1472 de
1094 1407 1231 1489 praemiis
1255 1417 1322 1490 post
1344 1410 1493 1472 uictoriam

134 1512 285 1575 Actiacam
308 1512 452 1574 militibus
467 1512 624 1594 persolutis
639 1523 774 1576 auctores
790 1514 984 1577 tradiderunt.
1021 1513 1154 1586 Quorum
1178 1511 1229 1590 qui
1244 1530 1344 1573 rerum
1361 1513 1493 1574 ordinem

133 1617 258 1697 reliquis
281 1617 396 1697 plenius
418 1626 535 1678 enarrat
555 1615 609 1678 Dio
631 1618 695 1697 (51,
711 1617 740 1678 3.
757 1618 790 1696 4)
813 1619 965 1680 Caesarem
981 1615 1084 1678 scribit
1098 1623 1166 1696 post
1180 1614 1332 1677 victoriam
1348 1616 1493 1678 Actiacam

136 1721 213 1796 (723
231 1721 310 1801 Sept
328 1721 361 1802 2)
376 1729 528 1782 veteranos
545 1729 603 1782 tam
620 1720 668 1782 sui
682 1721 827 1782 exercitus
842 1740 931 1802 quam
947 1719 1105 1782 hutouiani
1127 1719 1158 1780 in
1174 1718 1286 1780 ltaliam
1301 1718 1494 1798 ablegavisse3

135 1824 243 1886 deinde
264 1843 332 1886 cum
355 1823 397 1885 illi
419 1824 532 1886 traiecti
553 1824 584 1885 in
606 1823 718 1886 ltaliam
741 1844 836 1904 neque
860 1833 957 1887 tamen
980 1823 1094 1884 dimissi
1117 1821 1198 1902 (nam
1221 1821 1351 1904 praemia
1374 1833 1404 1884 et
1420 1823 1493 1886 mis-

134 1930 249 1991 sionem
279 1929 440 2010 poscebant
466 1937 540 1990 teste
563 1928 705 1992 Suetonio
727 1929 801 2008 hug.
825 1929 878 2008 17)
907 1927 1175 1999 tumultuarentur,
1204 1925 1348 2006 principio
1377 1945 1402 1987 a.
1431 1927 1493 1988 724

135 2032 328 2095 Brundisium
355 2034 510 2095 advectum
538 2049 586 2093 res
615 2031 656 2093 ita
682 2031 875 2105 ordinavisse,
906 2039 941 2092 ut
966 2029 1175 2092 vetustissimis
1201 2038 1232 2091 et
1258 2029 1320 2091 suis
1348 2030 1492 2092 militibus

137 2137 246 2218 oppida
267 2137 365 2199 ltalica
387 2137 552 2216 adsignaret
574 2155 607 2197 ea
629 2135 741 2198 scilicet
761 2154 835 2215 quae
850 2133 978 2196 Antonio
1000 2134 1141 2196 lavissent
1163 2133 1250 2212 (τοὺς
1272 2129 1395 2215 δήμους
1420 2131 1494 2207 τούς

133 2239 167 2302 ἐν
206 2240 248 2328 τῇ
283 2236 408 2319 Ἰταλίᾳ
444 2236 522 2313 τούς
557 2238 599 2301 τὰ
637 2240 696 2302 τοῦ
725 2233 902 2302 ’Λντιινίοο
948 2234 1177 2321 φρονήσαντας
1217 2235 1383 2310 ἐξοικίσας
1422 2245 1494 2308 τοῖς

134 2336 354 2425 στρατιώταις
374 2339 434 2415 τοὶς
455 2365 490 2404 τε
510 2339 628 2416 πόλεις
649 2341 705 2404 καὶ
726 2340 768 2404 τὰ
788 2343 894 2424 χωρία
915 2335 1023 2403 αὐτῶν
1045 2338 1245 2423 ἐχαρίσατο),
1268 2340 1387 2420 reliquis
1402 2358 1493 2420 pecu-

135 2445 185 2509 uia
219 2445 413 2520 satisfaceret,
446 2445 594 2507 veteribus
627 2455 725 2508 autem
759 2445 981 2526 possessoribus
1014 2444 1121 2508 Italicis
1149 2447 1255 2525 partim
1285 2443 1435 2525 Dyrrachii
1463 2453 1493 2504 et

132 2549 277 2630 Philippis
298 2549 425 2630 alibique
446 2549 477 2610 in
499 2548 656 2629 provinciis
678 2568 763 2629 agros
784 2551 929 2623 redderet,
952 2547 1058 2629 partim
1082 2547 1236 2628 pecuniam
1260 2567 1314 2628 pro
1329 2546 1405 2626 agris
1420 2565 1492 2626 pro-

133 2654 275 2728 mitteret,
297 2673 372 2735 quae
394 2652 516 2733 pecunia
546 2662 614 2734 post
640 2665 754 2733 captam
780 2654 945 2735 Aegyptum
971 2653 1091 2714 demum
1120 2651 1269 2733 persoluta
1295 2659 1349 2712 est.
1396 2649 1491 2710 Etiam

134 2758 259 2820 Orosius
275 2757 304 2831 6,
323 2758 371 2830 19,
388 2759 442 2818 14;
468 2755 582 2832 Geeser,
604 2757 709 2838 inquit
732 2769 867 2840 euertere
880 2804 886 2819 .
901 2802 929 2819 ..
946 2756 1043 2819 courel
1064 2755 1253 2819 Brundisium
1267 2754 1405 2816 οοιιιίτιίιι·
1418 2753 1493 2814 orbis

133 2873 282 2924 emersere
307 2861 454 2942 preeu'de'e
483 2862 581 2923 debitis
609 2861 764 2942 lepioee'bue
789 2865 953 2943 compescet.
999 2861 1118 2940 Spectat
1139 2859 1265 2939 denique
1288 2859 1348 2919 huc
1370 2856 1492 2918 adnota-

134 2966 249 3028 tionum
277 2965 402 3026 duarum
425 2964 657 3026 Eusebianarum
687 2966 723 3027 ad
750 2986 777 3028 a.
800 2966 868 3028 hbr.
895 2965 975 3027 1985
999 2963 1096 3045 (1984
1118 2962 1208 3036 llier.)
1239 2962 1299 3023 sive
1326 2961 1407 3023 urbis
1430 2959 1491 3020 723

133 3069 213 3147 (vide
228 3089 257 3149 p.
276 3069 344 3144 te:
366 3068 491 3131 llomeee'
511 3068 636 3131 coloeies
658 3070 841 3134 dediscerent
861 3078 892 3132 et
913 3068 949 3130 ad
971 3067 1081 3130 abbr.
1100 3067 1179 3129 1991
1205 3063 1300 3142 (1989
1315 3063 1407 3140 llier.)
1431 3062 1492 3126 sire

133 3173 216 3235 urbis
243 3170 320 3234 tes:
347 3174 473 3234 colceiee
501 3173 636 3235 deductae
662 3183 731 3235 seut
756 3174 860 3247 altera;
888 3191 956 3234 nam
985 3170 1281 3252 priorpariterloco
1304 3175 1492 3247 metuatque

134 3276 230 3340 oratio
258 3279 297 3349 (v.
319 3275 355 3337 ad
380 3276 408 3350 1,
424 3275 478 3355 21)
505 3276 633 3356 pertinet
659 3278 695 3339 ad
723 3278 852 3340 colonias
874 3285 943 3357 post
964 3274 1114 3336 victoriam
1138 3273 1358 3354 Philippensem
1380 3269 1492 3333 consti-

135 3390 223 3444 tutas.
267 3379 382 3442 Certius
403 3387 501 3441 autem
524 3389 555 3441 et
574 3380 752 3443 luculentius
767 3400 856 3460 quam
872 3397 972 3441 rerum
988 3379 1145 3459 scriptores
1160 3396 1223 3439 rem
1240 3374 1376 3458 patefacit
1390 3382 1492 3436 auctor

134 3483 313 3564 gromaticus
335 3482 466 3564 Hyginus
488 3485 524 3546 de
546 3483 608 3545 lim
631 3503 660 3564 p.
684 3485 744 3544 177
767 3482 902 3545 boehm:
932 3483 1014 3544 dives
1036 3483 1177 3562 depectus
1202 3481 1371 3562 [postquem]
1396 3479 1492 3558 adsie-

132 3593 213 3651 eeer't
234 3588 298 3650 orbi
316 3598 463 3650 terrerem
480 3607 580 3668 pacem
602 3587 645 3668 (id
660 3596 705 3650 est
719 3596 788 3669 post
802 3586 978 3649 debellatum
994 3584 1155 3647 Antonium
1171 3583 1332 3664 Ianumque
1347 3581 1490 3652 clausum,

133 3711 160 3753 r.
189 3692 228 3753 ad
250 3691 280 3765 6,
297 3689 365 3769 13),
392 3693 547 3762 οοοιοίίαο,
578 3695 628 3773 ραι·
653 3701 704 3753 eut
730 3691 781 3753 sub
805 3690 927 3753 leuato
954 3699 1005 3752 eet
1025 3689 1077 3751 seb
1099 3687 1203 3768 Lepido
1224 3687 1417 3749 militaverunt
1440 3687 1489 3761 (ct.

134 3794 187 3856 llio
210 3795 260 3868 51,
277 3794 295 3857 3
318 3794 426 3872 initio),
447 3798 558 3876 puriter
578 3804 606 3857 et
626 3813 750 3857 uterum
772 3795 916 3875 lepioeem
937 3793 1039 3856 milites
1061 3792 1175 3855 coloeos
1196 3792 1263 3872 fecit
1284 3791 1356 3853 elios
1376 3793 1408 3852 iu
1426 3787 1491 3850 lte-

134 3898 175 3962 ls'e
197 3898 269 3962 elios
288 3904 320 3961 e'e
337 3902 507 3982 provinces:
535 3899 704 3980 petibusdom
727 3899 824 3961 deletis
845 3899 968 3961 hostium
990 3897 1146 3960 cebe'tetebus
1167 3912 1257 3957 uoces
1278 3894 1363 3956 urbes
1386 3895 1490 3955 cousti-

134 4007 205 4076 teit3
233 4004 369 4084 quosdam
397 4005 447 4081 [iel
473 4003 615 4066 oeteu‘bes
642 4003 751 4084 oppidis
774 4003 891 4065 deducat
911 4012 939 4064 et
961 4000 1072 4064 colonos
1094 4003 1267 4072 commeatu
1293 3996 1360 4060 illes
1382 4014 1490 4078 quoque

134 4106 218 4168 urbes
248 4126 320 4189 quoe
342 4107 477 4170 besuae
499 4125 518 4169 e
538 4107 649 4188 rupibus
670 4115 721 4168 eet
744 4105 926 4168 dictatoribus
947 4107 1082 4186 tuerere,
1112 4123 1182 4185 ques
1204 4101 1343 4165 bellorum
1365 4101 1491 4162 ciuilium

134 4213 310 4274 tremuere
336 4211 523 4284 eebeueeret,
552 4211 619 4272 doto
646 4214 751 4273 iterum
779 4209 906 4273 eoloee'ee
926 4213 1040 4271 eoeetue
1062 4224 1182 4271 eumue
1204 4209 1308 4268 ciuium
1330 4205 1489 4286 ampliauit,

136 4315 275 4395 peredere
299 4324 325 4376 et
346 4316 460 4397 fieibuc
483 4350 520 4359 —
546 4314 772 4396 hdemptiouem
794 4313 886 4394 igitur
907 4332 974 4376 cum
997 4311 1144 4375 triumuiri
1165 4310 1205 4372 ita
1227 4307 1434 4382 instituissent,
1458 4317 1491 4369 ut

135 4418 207 4481 nulli
236 4416 394 4499 quicquam
423 4437 477 4500 pro
503 4436 573 4500 agro
601 4427 702 4500 erepto
732 4417 935 4496 reddereut1),
967 4417 1073 4480 Caesar
1099 4415 1139 4476 ita
1161 4411 1347 4495 temperarit,
1381 4421 1415 4474 ut
1437 4430 1490 4492 pro

235 4662 259 4725 ¹)
274 4659 332 4712 Nou
350 4660 437 4712 obstet
459 4675 522 4726 quse
540 4660 650 4726 borello
677 4659 782 4711 obstare
804 4661 862 4712 vise
887 4667 927 4712 est
951 4659 1064 4711 narratio
1082 4657 1171 4709 Dionis
1193 4657 1281 4721 49,14
1299 4656 1330 4706 sd
1349 4670 1371 4706 a.
1392 4655 1441 4708 718
1458 4655 1489 4706 de

138 4748 313 4812 adsignatione
329 4747 501 4799 triumvirali:
519 4747 565 4798 eei
582 4743 614 4798 τὸ
631 4745 684 4816 μὲν
705 4739 838 4816 ἀργύριον
855 4743 966 4812 αὐτίκα,
988 4741 1038 4811 τὴν
1055 4743 1084 4798 dl
1096 4739 1193 4812 χώραν
1210 4739 1242 4795 οὐ
1260 4741 1355 4809 uoltu*
1377 4737 1490 4813 ὕστερον
