3525 5417
1367 321 1502 378 XXXVII

246 504 281 566 11.
312 504 450 567 Graecam
480 502 751 585 interpretationem
782 512 842 566 tam
863 504 1062 585 Anemonem,
1093 504 1130 565 sd
1156 512 1292 585 eotgpum
1315 502 1428 564 scilicet
1449 522 1501 564 ex·

147 618 249 683 actam,
271 626 360 688 mam
382 606 617 688 Apolloniensem
639 606 680 670 ita
701 607 834 689 apposui,
857 616 892 670 ut
912 607 1026 687 singula
1040 616 1184 686 quatenus
1199 606 1262 668 fieri
1277 613 1376 686 potest
1389 604 1501 667 latinis

147 712 208 774 suis
234 710 455 793 responderent.
503 710 633 773 Eandem
664 730 729 774 esse
759 720 853 793 patet3
882 712 953 791 quid
980 711 1060 791 quod
1086 712 1117 772 in
1147 711 1240 792 capite
1267 728 1315 770 run
1341 708 1501 790 incipiente

145 810 318 873 vocabulum
347 806 429 874 ναόν
461 808 605 873 omissum
639 819 685 871 est
712 809 743 872 in
777 820 904 890 utroque
936 810 1068 892 exemplo
1099 813 1137 886 (r.
1160 830 1188 891 p.
1212 809 1276 889 88).
1330 809 1371 870 lle
1404 806 1501 870 indole

145 914 218 976 dixit
232 912 379 976 llaibelius
399 912 430 973 in
450 912 620 993 praemissis
634 912 723 975 iudici
739 914 907 975 verborum.
944 912 1039 975 Etiam
1056 932 1124 993 pars
1138 914 1246 975 Graeca
1261 913 1332 975 satis
1347 912 1501 973 emendate

144 1019 253 1100 scripta
274 1025 333 1091 est,
351 1016 467 1094 =minus
498 1024 595 1078 umen
618 1035 706 1097 quarn
730 1016 846 1091 Latium
872 1017 913 1079 ita
940 1017 1112 1079 exciderunt
1137 1017 1198 1078 sive
1224 1016 1393 1097 interpretis
1416 1015 1501 1096 culpa

144 1120 205 1183 sire
227 1120 302 1183 fabri
318 1121 347 1194 9,
365 1117 403 1181 13
419 1121 490 1201 τρίς
504 1128 535 1181 et
552 1122 599 1194 15,
616 1120 634 1181 3
653 1114 819 1198 Ἀρτάξαν,
843 1120 949 1200 aliique
964 1140 1080 1182 errores
1094 1120 1205 1201 passim
1227 1120 1500 1200 deprehunduntur.

142 1260 185 1270 --
207 1224 352 1287 vocabula
375 1243 443 1286 cum
459 1224 568 1285 Graeca
590 1223 804 1287 consuetudine
819 1225 1041 1296 continuentur,
1062 1242 1118 1286 nos
1133 1243 1249 1303 quoque
1264 1224 1293 1285 id
1308 1223 1500 1297 retinuimns3

142 1330 270 1412 spatium
301 1328 390 1409 igitur
416 1346 542 1390 vacuum
573 1327 623 1389 ubi
651 1328 796 1402 cernitur,
824 1328 922 1410 ipsum
946 1327 1043 1391 estin
1067 1346 1223 1389 marmore.
1247 1362 1287 1371 -
1309 1327 1392 1389 Varia
1413 1326 1500 1390 lectio

140 1432 214 1495 item
238 1432 403 1512 subscripta
428 1439 482 1507 est,
515 1450 613 1511 neque
636 1432 757 1493 omnino
779 1433 956 1512 neglegenda
979 1440 1051 1494 sunt
1075 1450 1150 1511 quae
1176 1431 1225 1492 hic
1251 1430 1310 1493 illic
1330 1433 1500 1493 referuntur

141 1537 286 1598 elementa
308 1534 393 1596 nobis
413 1534 445 1596 in
468 1535 616 1615 gypsaoeis
639 1536 750 1617 ectypis
775 1555 835 1598 non
851 1536 922 1610 risa,
945 1536 997 1598 sed
1012 1536 1101 1597 relata
1115 1554 1133 1598 a
1147 1534 1304 1615 prioribus,
1326 1534 1499 1627 praesertim

141 1640 275 1702 Perroto.
320 1638 588 1703 Domaszewskium
611 1638 689 1700 enim
707 1634 814 1701 Gineca
837 1640 909 1702 haec
930 1639 994 1721 ipsa
1009 1638 1174 1701 examinare
1190 1657 1250 1700 nou
1265 1640 1395 1719 potuisse
1410 1657 1500 1719 supra

140 1744 285 1819 diximum
308 1760 425 1805 summa
447 1751 545 1805 autem
568 1742 708 1822 religione
730 1743 834 1805 doctus
856 1743 1064 1823 Francogallus
1079 1743 1310 1824 repraesentavit
1331 1763 1406 1824 quae
1427 1743 1500 1806 vidit

140 1857 171 1909 et
192 1846 273 1927 quod
295 1845 471 1908 describenti
494 1845 699 1909 difficillimum
728 1854 774 1909 est
801 1856 835 1910 ut
857 1867 873 1909 a
895 1847 1072 1910 coniecturis
1101 1846 1245 1909 abstineat
1275 1846 1314 1910 ite
1344 1847 1498 1928 praestitit,

140 1962 174 2013 ut
207 1949 383 2031 quibusdam
417 1949 490 2011 locis
522 1949 587 2011 inre
620 1949 759 2030 ambigas,
793 1959 895 2013 utrum
924 1950 1065 2013 Perrotus
1098 1952 1238 2013 errauerit
1270 1969 1308 2013 an
1342 1970 1499 2033 ggpsaceae

140 2054 258 2117 tabulae
279 2054 450 2135 imperfecte
472 2054 662 2134 archetypum
685 2054 818 2117 reddant.

241 2157 289 2219 lll.
312 2158 483 2237 Sequuntur
511 2159 644 2237 exempla
673 2156 811 2219 Latinum
843 2166 873 2220 et
895 2157 1039 2219 Graecum
1065 2165 1209 2237 quantum
1236 2158 1300 2220 lieri
1326 2160 1424 2240 potuit
1444 2178 1499 2221 ex-

138 2262 227 2341 pleta,
250 2260 361 2323 adiecta
382 2261 483 2342 paucis
505 2262 578 2323 locis
600 2258 787 2322 adnotatione
809 2258 919 2322 critica.
964 2261 1045 2333 Quae
1071 2261 1276 2341 supplementa
1303 2262 1417 2343 priores
1446 2283 1499 2325 ex·

138 2365 342 2446 cogitaverunt
363 2384 496 2446 quaeque
518 2365 686 2427 coniectura
706 2372 914 2445 reposuerunt,
938 2382 1039 2426 eorum
1068 2365 1146 2427 haud
1168 2384 1262 2445 pauca
1283 2366 1341 2427 iam
1363 2367 1400 2429 ab
1422 2386 1497 2429 ocu-

137 2468 293 2531 latioribus
316 2468 546 2549 descriptoribus
568 2470 599 2531 in
621 2468 687 2548 ipso
701 2468 795 2549 lepide
811 2466 992 2547 deprehenso
1008 2478 1087 2542 sunt,
1109 2469 1195 2548 longe
1214 2470 1298 2549 plura
1320 2479 1373 2531 aut
1394 2469 1498 2533 Latino

138 2572 274 2653 exemplo
296 2573 411 2653 expleto
433 2580 463 2634 et
485 2573 639 2634 emendato
662 2580 713 2634 aut
734 2571 890 2633 accedente
911 2554 1153 2652 interpretatione
1170 2573 1277 2634 Graeca
1300 2581 1404 2654 sponte
1427 2592 1499 2636 con-

138 2676 288 2751 ciderunt;
311 2676 438 2756 denique
460 2695 493 2738 ea
515 2694 633 2756 quoque
655 2694 691 2737 ex
713 2674 784 2737 olim
807 2675 940 2755 repertis,
963 2694 1038 2755 quae
1060 2676 1096 2738 ad
1119 2676 1295 2739 sententiam
1311 2696 1379 2739 vera
1400 2688 1500 2740 essent

137 2780 183 2842 vel
205 2788 284 2841 certe
304 2779 474 2860 probabilia,
496 2778 528 2840 in
548 2779 674 2841 editione
690 2780 787 2860 priore
803 2798 856 2859 per
871 2778 1041 2840 universum
1057 2781 1300 2843 commentorium
1316 2782 1498 2843 retractanda

138 2891 224 2946 erant
245 2892 365 2963 propter
386 2882 522 2945 lriatuum
544 2882 688 2945 ambitum
716 2902 732 2944 a
758 2881 881 2944 Perroto
910 2883 1030 2945 demum
1059 2893 1194 2947 accurate
1222 2886 1413 2965 exploratum.
1456 2886 1500 2947 Ex

138 2988 220 3049 hisce
241 2986 372 3068 priorum
396 2985 441 3047 vel
462 2985 589 3047 inventis
611 2987 657 3047 vel
678 2986 853 3048 commentis
869 3005 944 3066 quae
957 2986 1016 3048 ism
1031 2986 1145 3049 inutilia
1160 2992 1235 3050 lacta
1257 2997 1328 3050 sunt
1349 2998 1379 3050 et
1394 3007 1499 3069 super-

137 3109 272 3165 uacanea,
293 3090 365 3153 item
387 3098 439 3152 aut
461 3088 545 3151 nouis
567 3088 706 3151 subsidiis
729 3108 829 3151 eversa
851 3097 903 3152 sut
924 3090 1011 3152 etiam
1028 3110 1081 3153 sua
1095 3101 1200 3154 natura
1215 3110 1351 3172 perversa
1365 3094 1498 3173 plerum-

138 3213 196 3276 que
219 3193 335 3256 silentio
350 3193 510 3276 praeterire
526 3193 617 3255 malui
637 3212 726 3273 quam
742 3196 879 3267 refutare,
903 3212 971 3255 cum
992 3196 1164 3275 praesertim
1180 3195 1256 3257 iusta
1271 3214 1370 3277 pugna
1384 3214 1445 3257 non
1461 3195 1499 3257 sit

138 3299 217 3361 inter
238 3296 351 3377 priores
372 3297 500 3359 editores
521 3297 686 3359 necessario
708 3297 878 3360 insistentes
901 3299 1041 3378 exemplis
1063 3317 1168 3379 parum
1191 3300 1355 3361 emendatis
1377 3308 1496 3362 etcum

138 3402 189 3482 qui
222 3400 309 3464 bodie
335 3402 371 3463 nd
393 3401 480 3463 hasce
510 3400 624 3463 tabulas
646 3401 758 3463 aceedit
779 3402 942 3464 instructus
964 3402 1097 3483 exemplo
1119 3405 1249 3483 perlecto
1270 3411 1301 3464 et
1321 3402 1498 3483 interpreta-

139 3506 219 3568 tione
247 3508 307 3567 iere
335 3504 457 3585 integra.
506 3504 547 3567 Ea
576 3523 637 3567 non
664 3505 761 3567 solum
787 3506 913 3587 explevit
940 3505 1089 3585 ingentem
1113 3507 1239 3581 hiatum,
1269 3506 1320 3586 qui
1343 3506 1499 3586 intercepit

139 3609 254 3672 tabulae
275 3608 388 3690 primae
410 3626 512 3670 versus
535 3607 661 3670 sedecim
683 3618 849 3689 postremos
872 3612 934 3671 iere
955 3619 1042 3683 totos,
1065 3608 1117 3670 sed
1139 3608 1227 3671 etiam
1249 3607 1313 3670 aliis
1334 3610 1407 3671 locis
1429 3610 1498 3691 plu-

138 3713 222 3775 rimis
244 3713 275 3773 in
297 3720 379 3792 parte
395 3712 498 3774 Latina
521 3711 595 3773 male
618 3710 724 3774 habitis
747 3731 833 3793 opem
849 3714 926 3775 tulit
963 3713 1020 3775 Ubi
1035 3722 1134 3775 tamen
1149 3713 1182 3773 in
1197 3712 1269 3774 locis
1284 3712 1497 3775 difficilioribus

140 3836 174 3879 ox
200 3815 348 3896 prioribus
376 3816 523 3897 quendam
550 3833 652 3877 verum
679 3816 725 3877 vel
752 3817 859 3879 vidisse
888 3818 934 3879 vel
955 3815 1140 3879 intercidisse
1161 3815 1431 3896 deprehendebam,
1458 3819 1498 3879 ibi

139 3940 247 3983 nomen
275 3920 338 3982 eius
366 3928 400 3983 ut
429 3939 482 4001 par
510 3930 572 3982 orat
594 3920 751 4002 adscripsi3
782 3930 885 3985 contra
908 3921 993 3983 tacite
1015 3920 1113 4000 recepi
1134 3919 1337 4001 supplementa
1359 3920 1497 4000 vulgaria,

139 4026 168 4087 id
191 4034 237 4088 est
259 4043 292 4087 ea
313 4043 388 4105 quae
410 4042 470 4085 non
493 4024 544 4104 qui
565 4034 656 4105 ponat
676 4024 838 4087 laudandus
862 4026 916 4100 sit,
940 4025 991 4086 sed
1014 4022 1271 4103 reprehendendus
1294 4022 1427 4103 quinon
1448 4024 1496 4085 in-

140 4129 244 4191 veniat.
274 4162 316 4173 -
346 4128 453 4190 Graeca
485 4146 518 4189 ea
541 4128 665 4189 maxime
688 4147 761 4208 quae
784 4128 933 4191 adinvenit
954 4127 1095 4190 Perrotus
1118 4130 1197 4203 (nam
1221 4126 1252 4188 in
1274 4126 1497 4190 Hamilconianis

140 4232 278 4295 Frauaius
301 4231 359 4295 iam
381 4232 520 4312 pleraque
541 4240 620 4292 recte
650 4231 812 4311 ordinarat)
839 4231 946 4313 prioris
974 4249 1056 4292 meae
1078 4229 1214 4292 editionis
1236 4249 1323 4293 causa
1345 4230 1499 4293 constituit

141 4336 338 4398 liirchhoffius
360 4334 472 4397 amicus
494 4343 524 4396 et
546 4334 666 4414 collega,
696 4334 781 4397 ciuus
803 4342 884 4409 sunt,
907 4353 1108 4415 quaecumque
1131 4334 1162 4396 in
1185 4354 1217 4397 ea
1240 4336 1377 4415 leguntur
1398 4334 1496 4416 paullo

141 4438 231 4519 magis
258 4436 400 4518 exquisita
427 4446 457 4499 et
478 4444 597 4518 repertu
619 4437 789 4512 difficiliora,
819 4447 878 4501 mm
902 4458 944 4514 ea,
967 4439 1074 4519 quibus
1097 4458 1207 4501 nomen
1229 4439 1292 4501 eius
1315 4439 1495 4520 adscriptum

140 4550 184 4604 est
204 4560 294 4623 quam
316 4540 369 4603 ubi
394 4560 455 4603 non
480 4548 526 4603 est
552 4542 742 4623 adscriptum.
765 4576 808 4587 -
829 4542 863 4604 ln
896 4543 986 4605 altera
1008 4543 1062 4605 hac
1084 4543 1211 4606 editione
1233 4544 1360 4606 curanda
1381 4550 1497 4623 praeter

140 4644 297 4709 Ernestum
313 4644 462 4709 Bormann
477 4652 507 4707 et
521 4644 690 4708 Udalrioum
712 4646 947 4721 aWilamouitz,
969 4665 1097 4727 quorum
1120 4656 1244 4727 uterque
1265 4646 1300 4708 od
1324 4646 1495 4708 universum

140 4748 247 4813 librum
271 4768 330 4811 non
352 4768 444 4831 pauca
468 4748 549 4812 utilia
572 4758 601 4811 et
622 4750 774 4830 ingeniosa
800 4750 955 4831 suggessit,
985 4758 1016 4812 et
1042 4751 1093 4831 qui
1125 4752 1156 4812 in
1187 4751 1223 4812 iis
1256 4769 1330 4829 qnae
1363 4757 1495 4830 spectant
