3525 5417
739 384 787 452 VI,
809 385 911 440 13-23
1437 393 1498 455 147

148 563 291 644 dantque,
321 573 352 626 et
378 583 494 646 semper
523 572 714 646 opponuntur
735 564 885 628 decretum
909 585 1025 640 eorum,
1055 568 1131 647 apud
1155 587 1228 647 quos
1251 587 1349 630 rerum
1373 577 1502 650 potestas

148 675 202 741 est,
225 675 256 727 et
276 685 439 729 consensus
460 686 573 742 eorum,
595 686 722 748 quorum
745 668 792 730 ius
814 669 981 758 continetur
1002 671 1032 732 in
1053 670 1218 752 plaudendo
1240 679 1291 733 aut
1310 672 1457 751 querendo
1467 673 1501 752 ¹).

147 770 319 833 Reddidisse
333 771 500 850 Augustum
522 790 585 833 rem
608 772 755 852 publicam
778 790 836 833 non
857 792 918 834 uno
933 782 1010 847 actu,
1034 774 1084 835 sed
1100 774 1240 836 continuo
1255 773 1373 836 biennio
1387 795 1413 836 a.
1431 776 1501 837 720.

149 874 210 937 727
232 883 351 955 praeter
368 875 466 958 ipsum
489 874 576 937 etiam
592 873 646 936 Ilio
670 874 821 954 significat,
843 894 938 956 neque
958 876 1042 939 aliter
1056 876 1119 938 lieri
1134 876 1243 958 potuit:
1266 878 1407 940 reddendi
1422 878 1500 940 enim

147 986 232 1040 erant
265 979 374 1060 populo
401 977 545 1040 exercitus
572 978 737 1059 provinciae
763 978 951 1058 magistratus
977 977 1148 1059 reditusque
1177 977 1234 1059 (τὰ
1261 973 1349 1043 ὅπλα
1377 979 1433 1042 καὶ
1463 980 1505 1044 τὰ

148 1079 232 1165 ἔθνη
253 1080 310 1143 καὶ
333 1077 369 1143 αἱ
392 1076 490 1163 ἀρχαὶ
512 1079 569 1143 καὶ
590 1081 632 1143 τὰ
652 1077 803 1165 χρήματα
823 1081 876 1143 bio
900 1082 950 1156 52,
976 1082 1024 1144 13.
1040 1082 1077 1143 51.
1093 1081 1148 1155 53,
1164 1083 1194 1142 4.
1211 1083 1239 1145 9.
1257 1083 1329 1162 tu).
1372 1084 1505 1146 Pertinet

147 1185 184 1246 ad
212 1204 275 1246 rem
303 1184 449 1265 publicam
478 1184 637 1258 redditam,
666 1185 745 1264 quod
774 1185 810 1246 de
836 1187 991 1248 consulatu
1020 1182 1197 1266 astutulo
1221 1186 1369 1249 adnotavit
1391 1187 1502 1268 (53,1)

147 1289 301 1349 Caesarem
330 1287 491 1349 secundum
522 1287 765 1352 consuetudinem
788 1287 938 1368 antiquam
967 1287 1087 1350 alternis
1114 1287 1267 1352 mensibus
1293 1293 1386 1353 fasces
1413 1289 1504 1352 tradi-

148 1389 227 1452 disse
250 1391 375 1470 collegae
396 1389 539 1471 Agrippae
561 1397 592 1452 50
612 1390 768 1453 abeuntem
798 1389 1002 1471 magistratum
1031 1391 1198 1454 eiurarisse.
1241 1393 1374 1456 Pertinet
1399 1394 1503 1455 eodem

146 1494 180 1555 ni
205 1494 290 1556 fallor
317 1512 440 1556 censura
467 1503 535 1575 post
561 1511 653 1556 annos
680 1493 871 1574 quadraginta
898 1494 971 1556 duos
994 1502 1057 1557 tum
1080 1496 1261 1558 resuscitata.
1305 1496 1356 1558 Vel
1378 1495 1504 1558 maxime

149 1617 185 1659 eo
213 1597 341 1678 pertinet
368 1616 470 1658 eorum
500 1615 575 1676 quae
601 1615 654 1677 per
680 1596 754 1658 bella
777 1597 870 1659 civilia
893 1608 993 1660 contra
1014 1598 1062 1660 ius
1083 1600 1218 1680 legesque
1241 1599 1398 1662 constituta
1421 1607 1505 1661 erant

151 1701 271 1762 abolitio
293 1699 396 1775 edicta,
418 1720 478 1781 quo
500 1700 645 1763 terminus
667 1700 748 1762 hisce
769 1701 948 1763 constitutus
971 1710 1016 1764 est
1036 1703 1100 1782 ipse
1113 1721 1210 1765 annus
1225 1702 1504 1784 septingentesimus

146 1802 305 1864 vicesimus
328 1811 428 1865 sertus
450 1803 581 1882 (Tacitus
603 1822 672 1865 ann.
695 1803 724 1878 3,
747 1803 802 1866 28:
824 1815 904 1866 55515
927 1805 1038 1867 demum
1061 1807 1209 1868 coaculato
1233 1806 1340 1869 Caesar
1365 1807 1504 1887 Augustus

143 1911 287 1987 potentiae
315 1925 431 1968 5555555
458 1926 530 1987 quae
555 1911 742 1969 triumviratu
766 1909 1278 1990 5555555505155055505551555,
1310 1915 1370 1992 qus's
1390 1929 1459 1990 poce
1478 1922 1505 1973 et

143 2012 276 2090 55555155
296 2019 452 2072 otmense.
496 2008 549 2070 015
564 2009 614 2083 53,
630 2009 664 2069 2:
693 2006 944 2093 555555551λά
976 2007 1064 2074 πάνυ
1199 2011 1254 2075 καὶ
1290 2009 1421 2096 ἀνόμως
1448 2012 1503 2075 καὶ

147 2107 274 2184 ἀδίκως
299 2109 463 2190 ἐτετάχει,
498 2107 608 2174 πάντα
634 2107 719 2174 αὐτὰ
750 2111 802 2175 da’
828 2111 901 2187 ἑνὸς
930 2107 1187 2197 προγράμματος
1213 2115 1403 2194 κατέλυσεν,
1427 2111 1504 2200 ὅρον

147 2213 208 2297 τὴν
235 2217 328 2298 ἕκτην
357 2210 457 2278 αὑτοῦ
477 2209 643 2278 ὑπατείαν
664 2217 839 2298 προσθείς.
884 2217 926 2279 Ct.
948 2217 1123 2282 Stoatsrecbt
1144 2219 1178 2292 2,
1199 2219 1260 2282 723
1283 2229 1344 2283 not
1360 2223 1402 2298 4).
1447 2221 1504 2283 Sed

146 2320 236 2398 longe
257 2318 461 2398 gravissimum
484 2317 704 2398 maximumque
726 2328 789 2380 erat
809 2323 960 2401 negotium
977 2321 1193 2402 prouinciarum
1210 2322 1344 2385 omnium
1360 2343 1427 2386 cum
1443 2323 1505 2386 suis

147 2420 326 2484 exercitibus
349 2421 465 2483 senatui
486 2420 750 2492 restituendarum,
779 2426 864 2486 cuius
887 2423 1081 2486 restitutionis
1103 2423 1139 2486 de
1160 2424 1228 2486 Asia
1249 2426 1398 2507 provincia
1421 2427 1504 2489 testis

147 2535 197 2588 est
223 2543 365 2588 nummus
392 2544 481 2606 supra
508 2524 614 2587 citatus
639 2525 670 2586 in
697 2525 761 2606 ipsa
782 2526 850 2588 Asia
877 2546 967 2589 cusus
994 2545 1062 2588 cum
1088 2526 1231 2607 inscripto
1258 2547 1334 2590 anno
1357 2529 1427 2590 726.
1472 2529 1504 2590 15

147 2633 249 2710 ipsum
276 2629 434 2692 enuntiant
458 2629 546 2714 rerba
573 2637 688 2709 poetae,
717 2648 843 2709 quorum
873 2639 941 2711 post
962 2629 1131 2691 blerlrelium
1161 2631 1245 2712 (5551.
1268 2632 1303 2693 ad
1327 2634 1503 2712 1555555)

147 2733 228 2796 male
256 2741 466 2814 temptatorum
487 2732 530 2808 (C.
545 2731 568 2792 1.
585 2730 616 2792 L.
632 2732 644 2792 1
660 2752 688 2813 p.
706 2730 780 2805 384)
804 2733 890 2794 hodie
921 2751 968 2794 me
996 2733 1138 2813 paenitet,
1172 2733 1219 2795 die
1246 2734 1306 2795 lan.
1329 2733 1367 2795 13
1395 2733 1506 2796 scilicet

146 2836 222 2899 anni
243 2836 305 2898 727
327 2837 436 2918 populo
458 2853 576 2897 omnem
600 2835 779 2915 provinciam
801 2835 944 2898 redditam
960 2853 1033 2910 esse,
1056 2837 1142 2917 plane
1158 2846 1191 2898 ut
1205 2837 1259 2898 Dio
1275 2837 1360 2912 53,9
1382 2837 1505 2917 loquen-

147 2951 211 3002 tem
234 2940 347 3002 inducit
368 2939 520 3002 Caesmem
543 2958 569 3000 a.
586 2938 665 2999 727:
695 2933 888 3022 ἀποδίδωμι
915 2933 996 3022 ὑμῖν
1018 2940 1073 3000 καὶ
1096 2934 1248 3003 addula
1269 2938 1325 3001 καὶ
1347 2939 1389 3002 τὰ
1411 2937 1505 3024 ἔθνη.

148 3043 270 3107 Scilicet
292 3044 392 3106 Asiam
424 3041 603 3123 provinciam
634 3061 702 3103 cum
732 3042 908 3106 reddidisset
933 3062 958 3103 a.
980 3042 1055 3117 726,
1091 3043 1254 3106 universam
1289 3042 1505 3105 restitutionem

145 3148 273 3230 perfecit
300 3148 346 3209 die
368 3146 504 3210 indicato.
541 3145 622 3218 Quae
644 3145 742 3208 omnia
764 3165 825 3207 non
853 3153 968 3208 tantum
991 3155 1093 3228 coepta
1115 3155 1145 3209 et
1166 3147 1278 3222 oblata,
1306 3147 1357 3209 sed
1379 3149 1506 3227 perfecta

146 3271 217 3313 esse
239 3252 429 3332 depositoque
451 3249 679 3312 extraordinario
700 3249 742 3310 rei
764 3248 897 3330 publicae
924 3249 1145 3312 constituendae
1172 3241 1293 3312 arbitrio
1315 3249 1452 3330 deinceps
1475 3269 1507 3311 55

146 3355 231 3417 55155
259 3354 446 3434 magistratus
476 3354 540 3415 iure
568 3353 720 3416 communi
747 3352 804 3415 sibi
832 3352 944 3414 delatos
971 3353 1136 3416 obtinuisse
1157 3353 1220 3434 ipse
1243 3353 1378 3415 sollemni
1400 3354 1455 3415 hac
1476 3362 1507 3414 et

145 3467 288 3540 postuma
312 3460 466 3520 testatione
488 3466 628 3519 testatum
650 3475 715 3519 esse
736 3457 836 3530 uoluit,
858 3456 985 3518 maxime
1001 3455 1052 3517 ubi
1067 3457 1108 3518 ait
1121 3465 1189 3537 post
1202 3475 1227 3518 a.
1244 3455 1305 3517 727
1321 3455 1460 3535 dignitate
1475 3475 1506 3517 se

146 3561 271 3641 quidem
286 3561 425 3623 omnibus
438 3560 629 3642 praestitisse,
647 3560 801 3640 potestatis
816 3569 913 3622 autem
929 3558 1003 3621 nibil
1018 3558 1144 3640 amplius
1160 3559 1297 3621 babuisse
1312 3577 1399 3640 quam
1415 3559 1507 3620 habe-

146 3672 221 3726 rent
244 3662 275 3724 in
303 3682 481 3744 unoquoque
504 3663 678 3742 magistratu
699 3663 833 3743 collegae.
878 3661 937 3724 Nec
959 3665 1122 3742 refragatur
1138 3660 1243 3724 'rerum
1267 3661 1408 3724 memoria
1429 3681 1507 3724 vera.

146 3767 226 3830 Nam
247 3787 314 3829 cum
338 3768 374 3829 ad
396 3787 422 3829 a.
439 3786 531 3846 usque
548 3766 608 3827 727
631 3765 794 3846 5555155155
808 3765 910 3847 populi
925 3766 1050 3830 Romani
1065 3765 1243 3829 obtinuisset
1256 3774 1286 3827 et
1300 3777 1403 3828 omnes
1418 3765 1508 3828 simul

254 3952 275 4015 ¹)
293 3950 330 4002 lta
353 3951 378 4001 in
402 3965 500 4001 nummo
518 3947 668 4014 (11511510,
684 3947 862 4013 126)statuaua
881 3957 1089 4016 repraesentante
1107 3950 1222 4014 Augusto
1240 3955 1421 4016 postmortem
1439 3948 1509 4015 posi·

146 4046 204 4089 tana
216 4053 271 4088 cuna
283 4036 408 4088 scribitur
419 4051 543 4086 consensu
554 4033 680 4101 5555555)
691 4038 716 4084 et
726 4035 869 4100 55555515)
882 4033 1001 4102 orabas)
1011 4035 1188 4104 ptopulzlqma)
1199 4033 1338 4098 15555555),
1350 4033 1509 4099 significatur

149 4139 208 4175 eam
226 4123 334 4190 positam
353 4138 409 4173 esse
427 4138 476 4173 non
494 4128 599 4173 senatus
623 4119 739 4171 consulto
763 4135 843 4185 neque
860 4120 925 4185 lege,
945 4122 989 4172 sed
1007 4122 1038 4171 ab
1057 4122 1173 4173 omnibus
1192 4121 1325 4172 ordinibus
1342 4135 1401 4170 aere
1419 4126 1508 4186 sponte

148 4209 258 4262 collato.
293 4209 420 4260 Similiter
442 4208 617 4274 explicandum
641 4207 706 4272 quod
731 4206 827 4269 legitur
849 4206 876 4255 15
900 4207 1007 4258 nummis
1028 4207 1132 4258 Vitellii
1157 4215 1183 4258 et
1200 4206 1352 4272 Vespasiani
1374 4221 1510 4257 emereamur

147 4298 318 4347 aaronem
339 4295 433 4361 (Ceben
455 4294 511 4346 Vit
525 4293 571 4357 23,
583 4294 660 4359 Vesp.
673 4292 717 4358 77)
734 4299 762 4343 et
779 4292 805 4342 in
825 4308 921 4344 555555
940 4292 1043 4345 Vitellii
1059 4302 1195 4356 cousensus
1214 4293 1396 4360 Hispaniarum
1414 4290 1509 4358 (Coheu

147 4381 208 4434 vit.
221 4381 280 4445 29);
302 4381 364 4432 item
387 4380 467 4432 verba
485 4379 565 4445 elogii
582 4378 699 4430 ldurdiae
718 4375 756 4442 (C.
770 4377 813 4444 Vl,
833 4377 936 4445 totam:
956 4382 985 4429 ut
998 4417 1004 4430 .
1018 4417 1024 4429 .
1037 4384 1114 4447 .post
1130 4379 1260 4431 decessum
1278 4393 1401 4428 consensu
1418 4381 1510 4430 ciuium

147 4466 302 4520 badaratus·
320 4473 346 4518 et
363 4467 470 4517 maxime
487 4466 586 4517 decreti
603 4465 754 4516 Pisanorum
766 4464 858 4529 (05511.
871 4465 945 4530 623);
963 4463 1062 4533 placere
1073 4469 1221 4535 conscriptis
1232 4481 1294 4532 quae
1305 4482 1330 4519 a.
1342 4465 1367 4518 d.
1379 4465 1424 4517 111
1431 4482 1512 4518 nouae

147 4553 258 4623 Apriles
276 4552 335 4619 (quo
354 4555 395 4604 die
413 4569 469 4604 euru
487 4553 653 4617 magistratus
671 4565 720 4600 nou
739 4558 826 4601 esseut
838 4551 966 4603 decretum
978 4552 1035 4604 lieri
1049 4569 1098 4603 noa
1111 4553 1203 4620 potuit)
1217 4590 1225 4604 .
1237 4589 1244 4602 .
1257 4589 1264 4602 .
1277 4590 1284 4602 .
1297 4553 1370 4618 sueta
1381 4557 1510 4604 5515555·

149 4641 249 4690 statuta
265 4643 327 4690 eunt
342 4655 389 4708 per
405 4655 555 4690 consensum
576 4639 692 4691 omnium
709 4637 837 4706 ordimem,
854 4653 887 4690 ea
904 4641 990 4689 omm'a
1006 4641 1044 4689 itu
1058 4639 1129 4705 fieri
1166 4637 1193 4689 lu
1210 4639 1298 4690 titulis
1315 4639 1511 4705 municipalibus

149 4740 276 4793 persaepe
294 4725 430 4793 opponitur
448 4726 552 4777 decreto
571 4725 735 4776 decurionum
753 4741 900 4790 consensus,
918 4725 1047 4790 voluutas,
1066 4725 1206 4792 postulatio
1219 4733 1268 4776 cet.
1280 4725 1367 4793 populi
1380 4725 1511 4793 plebisve:

151 4811 269 4877 exempla
287 4813 408 4878 quaedam
427 4812 555 4880 composui
574 4811 602 4863 C.
620 4811 638 4863 l.
651 4810 680 4862 L.
693 4813 745 4864 vol.
758 4812 784 4863 X
795 4828 820 4880 p.
835 4813 908 4864 1157.

1301 4895 1353 4952 10*
