3525 5417
1494 340 1562 395 XXI

305 545 444 590 nummos
511 525 632 587 tertium
691 524 802 587 uiritim
862 523 929 585 dedi
985 522 1065 603 quali
1122 541 1188 584 mea
1241 522 1388 604 congiaria
1445 522 1589 584 frumenti

307 675 597 691 ..........
625 647 697 691 nunr
754 646 907 708 nunquam
969 626 1068 688 minus
1121 625 1332 707 quinquaginta
1383 635 1413 688 et
1464 626 1589 687 ducenta

200 734 230 808 3,
249 752 273 796 rs
304 777 720 794 ..............
748 732 791 793 sia
851 728 1169 808 duodeuigiutesimum
1220 732 1324 792 consul
1371 729 1509 792 trecentis
1560 738 1590 790 et

306 836 410 915 uiginti
469 834 600 897 millibus
656 834 748 915 plebis
797 833 925 897 urbanae
974 850 1133 911 sexagenos
1176 834 1312 895 denarios
1361 832 1474 894 uiritim
1523 830 1591 893 dedi

306 949 336 1001 et
384 937 481 1018 quinis
533 938 659 1000 militum
705 956 839 1000 meorum
884 937 988 1000 consul
1033 936 1172 1016 quintum
1215 955 1252 997 er
1295 935 1432 997 manibiis
1475 936 1588 998 uiritim

306 1042 395 1103 millia
439 1060 598 1103 nummum
643 1040 756 1120 singula
801 1040 867 1102 dedi
911 1049 1089 1122 acceperunt
1125 1040 1155 1100 id
1191 1039 1369 1121 triumphale
1406 1039 1589 1118 congiarium

308 1145 338 1205 in
382 1144 510 1207 colonias
556 1143 709 1206 bominum
754 1144 871 1207 circiter
914 1152 1034 1206 centum
1071 1152 1102 1205 et
1137 1142 1243 1223 uiginti
1280 1142 1370 1204 millia
1406 1143 1508 1204 consul
1545 1151 1591 1205 tar

250 1266 278 1310 m
307 1248 380 1309 tium
408 1248 555 1309 decimum
584 1266 743 1327 sexagenos
770 1247 907 1309 denarios
936 1246 1014 1327 plebi
1042 1266 1118 1327 quae
1146 1255 1209 1308 tum
1232 1248 1414 1308 frumentum
1438 1245 1589 1326 publicum

308 1368 375 1411 acce
404 1396 539 1411 .....
556 1349 670 1411 dedica
686 1349 776 1411 millia
791 1349 947 1412 bominum
963 1349 1061 1430 paullo
1071 1348 1110 1425 ¹⁶)
1124 1350 1209 1431 plura
1224 1367 1313 1429 quam
1328 1349 1453 1413 ducenta
1470 1352 1591 1412 luerunt

311 1498 602 1513 ..........
625 1453 702 1533 agris
725 1472 800 1531 quos
821 1453 853 1515 in
875 1453 1032 1515 consulatu
1054 1471 1120 1513 meo
1135 1462 1242 1533 quarto
1257 1462 1287 1514 et
1300 1462 1403 1533 postea
1418 1452 1590 1515 consulibus

310 1558 456 1636 marco¹⁷)
490 1565 520 1619 et
547 1575 592 1617 cn.
621 1556 733 1618 lentulo
763 1575 874 1635 augure
904 1555 1056 1635 adsignaui
1082 1556 1225 1618 militibus
1254 1557 1329 1619 solui
1357 1555 1526 1637 municipiis
1555 1575 1591 1637 pa

312 1705 603 1720 ..........
635 1659 743 1720 entium
772 1658 889 1722 circiter
916 1670 1081 1738 sergenstm
1111 1658 1225 1721 itineris
1255 1658 1328 1722 emit
1349 1678 1437 1739 quam
1461 1659 1592 1721 romanis

252 1782 279 1825 rs
306 1781 375 1844 prae
404 1808 537 1822 .....
565 1762 721 1823 numeraui
751 1771 781 1823 et
815 1806 1296 1823 ................
1330 1762 1410 1842 quod
1431 1782 1485 1843 pro
1513 1763 1590 1842 agris

311 1864 541 1945 prouincialibus
557 1865 633 1927 solui
649 1910 876 1925 ........
900 1883 979 1927 unus
1009 1875 1040 1927 et
1067 1865 1149 1927 solus
1177 1864 1312 1927 omnium
1333 1864 1386 1944 qui
1407 1866 1593 1928 deduxerunt

312 1967 441 2029 colonias
528 1966 656 2029 militum
743 1967 772 2027 in
860 1968 1053 2048 prouiutis¹⁸)
1139 1968 1175 2029 ad
1245 1968 1417 2031 memoriam
1487 1968 1591 2031 aetatis

312 2089 393 2132 meae
419 2071 474 2132 leci
501 2078 602 2150 postea
630 2088 740 2132 nerone
763 2078 794 2130 et
815 2088 860 2132 cn.
884 2070 988 2151 pisone
1010 2069 1180 2134 consulibus
1202 2072 1332 2151 itemque
1364 2118 1372 2132 .
1396 2071 1591 2152 ,gantissimo

312 2182 342 2234 et
364 2174 391 2234 d.
414 2173 481 2236 lelio
503 2172 674 2235 consulibus
705 2218 1434 2236 ........................
1458 2176 1592 2237 messalla

255 2306 282 2349 ³0
309 2276 481 2339 consulibus
503 2276 573 2339 etl.
596 2274 711 2337 caninio
734 2285 764 2337 et
785 2296 813 2355 q.
837 2275 959 2339 fabricio
981 2275 1152 2339 consulibus
1174 2323 1401 2339 ........
1429 2297 1504 2358 quos
1526 2297 1592 2340 eme

312 2379 376 2441 ritis
399 2379 553 2461 stipendiis
575 2378 605 2441 in
629 2398 682 2441 sua
705 2378 863 2459 municipia
888 2425 1053 2440 ......
1081 2399 1182 2460 praem
1206 2426 1590 2443 .............

312 2484 442 2565 persolui
470 2502 559 2563 quam
584 2528 717 2544 .....
745 2482 775 2544 in
805 2492 867 2544 sest
889 2528 1085 2545 .......
1119 2483 1182 2545 mili
1205 2530 1590 2546 .............

311 2586 442 2668 impendi

312 2700 415 2771 quater
439 2737 444 2751 .
470 2737 476 2751 .
502 2738 507 2750 .
533 2736 540 2751 .
563 2691 612 2752 aui
639 2688 783 2751 aerarium
812 2687 852 2750 ita
874 2697 909 2750 ut
931 2688 1100 2751 sestertium
1124 2689 1214 2752 millia
1237 2737 1590 2752 ............

257 2814 283 2858 ss
311 2795 469 2874 quingenta
496 2792 610 2872 dadin)
634 2838 767 2853 .....
791 2793 856 2854 raui
883 2792 994 2854 aerario
1022 2792 1113 2855 detuli
1144 2838 1591 2855 ...............

315 2939 984 2957 ......................
1017 2895 1298 2976 quodexconsilio

314 3044 985 3060 ......................
1019 2998 1266 3081 militibusquin

314 3148 635 3165 ...........
670 3101 1591 3164 meruissentuemil....·.......‚.....,

314 3251 669 3267 ............
692 3205 824 3267 odetuli

256 3328 283 3371 ro
312 3354 636 3369 ...........
664 3328 711 3371 on.
741 3327 770 3389 p.
800 3307 911 3369 lentulo
939 3355 946 3369 .
971 3353 1009 3368 ..
1040 3308 1103 3369 oles
1130 3311 1252 3371 luerunt
1277 3328 1346 3371 cum
1374 3309 1393 3370 d
1423 3354 1461 3369 ..
1492 3318 1594 3371 cerent

315 3458 637 3472 ...........
661 3418 781 3473 centum
805 3410 935 3473 millibus
957 3411 1113 3473 bominum
1137 3458 1145 3472 .
1169 3458 1176 3473 .
1200 3458 1208 3472 .
1232 3458 1239 3473 .
1264 3459 1269 3473 .
1294 3460 1301 3473 .
1326 3457 1333 3474 .
1358 3458 1365 3472 .
1389 3457 1397 3472 .
1421 3457 1460 3472 ..
1493 3432 1511 3473 o
1544 3415 1592 3475 l'ru

614 3516 812 3579 deo'deruotor
834 3519 956 3595 qumque
979 3513 1072 3577 lineae

223 3618 278 3692 ’,ι
310 3616 420 3680 curiam
476 3628 506 3680 et
561 3615 740 3699 contines²⁰l
797 3628 827 3679 et
883 3617 1076 3680 calehidicum
1124 3620 1327 3701 templumque
1377 3618 1512 3699 apollinis
1562 3620 1593 3681 in

313 3721 418 3801 palatio
463 3740 530 3783 cum
574 3722 736 3804 porticibus
780 3722 880 3807 aedem
926 3722 987 3784 diui
1030 3722 1093 3785 iulii
1129 3722 1258 3801 lupercal
1294 3721 1441 3802 porticum
1479 3722 1514 3783 ad
1552 3722 1596 3783 cir

314 3842 382 3885 cum
419 3824 582 3887 llaminium
619 3845 707 3906 quem
741 3845 808 3889 sum
841 3824 980 3907 appellari
1012 3844 1117 3906 passus
1150 3844 1185 3886 ex
1218 3824 1338 3887 nomine
1370 3825 1434 3887 eius
1467 3825 1518 3904 qui
1549 3826 1595 3906 pri

315 3946 395 3989 orem
430 3929 532 3990 ecdem
567 3929 599 3991 iu
633 3931 694 3992 solo
727 3933 836 3992 lecerat
869 3928 1016 3992 octauiani
1048 3929 1185 4011 puluinar
1216 3928 1253 3990 ad
1285 3928 1397 3989 circum
1431 3927 1595 3991 maximum

269 4050 282 4092 s
311 4031 397 4092 aedes
429 4032 460 4092 in
495 4032 630 4113 capitolio
663 4033 738 4095 iouis
771 4030 930 4114 feretrii²¹J
965 4043 995 4097 et
1027 4034 1104 4096 iouis
1133 4032 1262 4095 tonantis
1291 4033 1391 4094 aedem
1422 4031 1595 4113 quirinis²¹)

314 4135 400 4197 aedes
433 4136 545 4197 mundo
554 4135 593 4216 ⁹⁸)
626 4147 656 4198 et
687 4136 805 4199 iunonis
837 4182 1032 4199 .......
1062 4146 1092 4199 et
1119 4136 1196 4198 inuis
1224 4135 1368 4197 libertatis
1393 4134 1425 4196 in
1456 4134 1595 4197 auentino

314 4237 415 4299 aedem
453 4239 547 4301 larum
584 4238 615 4299 in
652 4258 769 4301 summa
806 4259 888 4302 sacra
926 4240 973 4302 uia
1009 4240 1110 4302 aedem
1144 4240 1232 4301 deum
1267 4237 1418 4320 penatium
1451 4236 1483 4299 in
1520 4236 1596 4299 uelia

315 4342 417 4403 aedem
490 4342 652 4405 iuuentatis
723 4342 825 4405 aedem
898 4343 1002 4405 matris
1074 4342 1223 4423 magdelac
1288 4342 1319 4402 in
1383 4340 1489 4422 palatio
1540 4340 1596 4402 leci

317 4444 520 4527 sertorium²⁴)
543 4456 573 4508 et
594 4446 765 4527 pompeium
790 4447 938 4510 theatrum
960 4455 1120 4526 utrumque
1142 4464 1218 4525 opus
1239 4444 1372 4524 impensa
1391 4442 1494 4522 mandi
1508 4441 1596 4505 refeci

290 4682 320 4745 ¹⁸)
339 4682 446 4749 pauloo
524 4684 554 4745 Η)
573 4699 594 4732 c.
611 4686 693 4734 inno
774 4683 802 4744 ¹⁸)
821 4682 991 4750 prouinciirc
1062 4681 1094 4749 ”)
1112 4666 1173 4735 neb
1188 4679 1222 4745 V,
1234 4682 1309 4730 deoc
1382 4679 1415 4742 ²⁰)
1437 4676 1595 4727 continerer

187 4767 221 4832 ²¹)
241 4765 365 4818 feretrio
466 4766 497 4831 ”)
516 4766 644 4833 quiricis
745 4768 777 4830 ¹⁸)
797 4766 947 4817 muudiueo
1046 4766 1080 4831 ²⁴)
1098 4773 1257 4817 certorumv
