3525 5417
264 322 305 386 68
852 318 905 386 ΙΠ,
924 319 1029 375 35-39

261 499 431 561 sufficerent
462 497 582 577 (caira
614 491 772 576 ἐλάχιστα
806 495 889 581 πρὸς
921 521 958 560 το
993 496 1125 581 πλῆθος
1156 496 1220 560 τῶν
1253 489 1521 577 ἀναλισκομένων
1554 490 1615 578 ἦν),

261 603 389 683 primum
423 601 562 681 vigesima
595 601 800 663 hereditatium
833 602 969 664 instituta
998 611 1056 676 est,
1091 621 1159 663 mox
1192 601 1289 662 addita
1321 600 1480 662 centesima
1513 618 1613 660 rerum

260 706 404 768 venalium
426 705 537 785 aliaque
560 704 665 768 similia
688 704 797 768 tributa
829 714 1025 786 sumptusque
1058 716 1206 787 praeterea
1239 703 1343 784 reliqui
1376 702 1484 784 publici
1517 703 1614 782 quoad

259 809 323 872 lieri
350 809 448 890 potuit
476 809 627 872 imminuti
656 809 720 887 (Dio
743 811 793 883 55,
814 808 949 870 23-26.
974 810 1094 872 Sueten.
1110 810 1182 888 Aug.
1200 809 1262 884 49).
1306 807 1394 869 adme
1419 805 1471 868 Dio
1502 806 1616 867 aerario

260 913 396 976 instituto
417 913 583 992 Augustum
606 931 735 975 annuam
757 912 940 992 largitionem
970 913 1001 974 iu
1033 915 1166 976 futurum
1196 929 1313 993 quoque
1341 910 1372 972 in
1400 929 1431 972 se
1466 909 1613 989 recepisse

258 1015 327 1096 (καὶ
355 1016 451 1079 τοῦτο
480 1015 552 1078 κατ’
586 1013 657 1090 ἔτος
690 1013 829 1096 πράξειν
862 1012 1050 1095 induxeram
1084 1035 1157 1098 quas
1189 1013 1408 1078 numerationes
1440 1013 1488 1074 illa
1522 1031 1612 1092 quam

257 1121 486 1183 commentarius
501 1120 635 1182 enuntiat
646 1139 761 1182 summa
773 1138 833 1183 non
845 1119 1064 1200 comprehendi,
1079 1120 1107 1181 id
1123 1121 1201 1199 quod
1217 1127 1299 1181 antea
1317 1118 1389 1180 mihi
1400 1136 1613 1199 persuaseram,

256 1233 335 1286 recte
357 1223 499 1304 Rergkius
522 1224 646 1286 monuit.
691 1224 912 1286 Potesttamen
941 1223 1057 1286 delendi
1084 1241 1186 1286 verum
1213 1222 1377 1301 essequod
1400 1241 1416 1284 a
1437 1220 1529 1284 Dione
1551 1233 1614 1283 tra-

256 1327 344 1400 ditur,
375 1337 405 1390 et
437 1326 518 1390 siluit
538 1331 661 1389 tormsse
687 1328 837 1406 Augustus
870 1328 907 1390 de
939 1326 1140 1408 largitionibus
1173 1324 1385 1406 posterioribus
1424 1343 1491 1387 oum
1533 1325 1612 1404 quod

255 1430 386 1493 minores
408 1433 537 1504 luerunt,
562 1442 625 1493 tum
646 1439 800 1511 propterea
822 1432 910 1512 quod,
933 1450 1001 1494 oum
1022 1449 1112 1512 penes
1128 1448 1195 1492 eum
1215 1429 1318 1490 aerarii
1333 1428 1468 1491 militaris
1483 1428 1613 1490 admini-

256 1534 358 1596 stratio
385 1546 470 1606 esset,
501 1534 573 1614 quid
600 1535 636 1596 de
663 1555 718 1596 suo
743 1535 902 1616 quotannis
928 1534 1055 1597 adiceret
1082 1533 1107 1596 si
1134 1533 1323 1607 enuntiasset,
1356 1533 1385 1595 id
1419 1531 1455 1593 ad
1483 1530 1613 1593 rationes

254 1636 369 1718 publice
392 1638 552 1700 reddendas
574 1658 666 1720 prope
687 1639 867 1701 accessisset

354 1741 388 1802 ln
411 1741 582 1804 universum
605 1754 639 1804 ut
653 1742 837 1824 aliquatenus
851 1742 1045 1823 intellegatur,
1068 1739 1138 1821 quid
1154 1740 1183 1803 in
1200 1760 1232 1802 re
1246 1739 1364 1802 militari
1379 1739 1614 1802 administranda

254 1852 284 1905 ot
306 1843 433 1906 maxime
455 1846 486 1908 in
509 1845 639 1908 exercitu
661 1845 768 1908 civium
791 1845 992 1908 Romanorum
1016 1844 1222 1908 constituendo
1249 1854 1279 1906 et
1306 1843 1437 1924 augerulo
1459 1842 1612 1923 Augustus

254 1945 311 2009 sibi
332 1950 519 2029 proposuerit
541 1950 761 2030 perfecerimus,
783 1969 844 2012 non
866 1950 918 2013 abs
940 1969 972 2012 rc
994 1948 1090 2010 risum
1113 1957 1159 2010 est
1186 1948 1241 2009 lioo
1270 1947 1334 2008 loeo
1362 1947 1491 2009 inserere
1519 1946 1611 2008 later-

254 2051 354 2112 culum
387 2052 549 2132 legionum,
582 2073 656 2132 quae
689 2054 828 2116 extremis
856 2053 942 2115 annis
970 2051 1095 2132 Augusti
1126 2055 1259 2124 fuerunt,
1293 2051 1389 2114 addita
1423 2049 1453 2112 in
1487 2050 1611 2130 singulis

254 2153 384 2234 originis,
414 2155 464 2218 ubi
491 2156 554 2218 lieri
587 2157 692 2238 potuit,
719 2168 751 2219 et
773 2156 913 2219 interitus
941 2156 1037 2238 aliqua
1063 2155 1248 2229 indicatione,
1275 2155 1347 2218 item
1374 2153 1550 2235 provinciae,
1578 2153 1611 2216 in

253 2277 311 2339 qua
339 2258 470 2340 primum
499 2271 594 2322 castra
621 2280 753 2342 quaeque
780 2261 918 2322 habuisse
947 2258 1111 2334 invenitur3
1142 2277 1320 2339 quamquam
1354 2258 1430 2320 hanc
1457 2257 1609 2338 legionum

253 2381 306 2442 per
328 2363 491 2445 provincias
513 2364 736 2445 dispositionem
758 2383 819 2426 non
841 2373 901 2426 mm
924 2363 1019 2444 ipsam
1042 2363 1178 2424 traditam
1201 2363 1352 2434 habemus,
1376 2379 1464 2442 quam
1480 2361 1608 2422 manime

252 2466 288 2528 ad
311 2485 385 2542 eam,
407 2487 496 2549 quam
519 2468 553 2531 ad
576 2487 688 2530 annum
710 2488 738 2548 p.
755 2467 787 2531 G.
803 2467 843 2528 23
866 2466 986 2548 exponit
1001 2465 1119 2528 Tacitus
1134 2465 1215 2545 (ann.
1232 2467 1261 2540 4,
1277 2465 1341 2546 23),
1363 2467 1531 2528 coniectum
1555 2467 1608 2527 ad-

252 2571 435 2634 umbramus.
481 2571 668 2635 Lateroulum
683 2573 777 2634 Taciti
795 2570 935 2652 quoniam
951 2568 1110 2632 enchiridia
1125 2568 1196 2630 satis
1212 2568 1365 2649 explicant,
1388 2569 1419 2632 in
1435 2569 1606 2632 uniuersum

252 2675 288 2737 ad
309 2694 343 2738 ea
364 2674 544 2738 remittimus
566 2695 662 2756 neque
684 2676 715 2738 in
736 2675 815 2739 notis
842 2674 1007 2738 addidimus
1034 2673 1091 2736 nisi
1117 2691 1192 2753 quae
1221 2692 1289 2736 oum
1318 2675 1353 2736 ad
1380 2682 1513 2737 nostram
1543 2694 1606 2736 reru

252 2777 359 2842 faciant
381 2779 421 2840 ibi
445 2780 561 2842 desunt.

180 2919 222 2983 [r¹)
266 2955 527 2971 .......
573 2918 599 2968 in
618 2915 755 2968 Germania
772 2914 895 2968 interiore
962 2953 1268 2967 ........
1315 2923 1484 3020 exauctprats
1495 2917 1732 2984 postelademi‘sri-

137 2954 188 3104 lii
252 3054 351 3121 (postea
358 3053 543 3122 Germanica)¹)
572 3055 598 3105 in
616 3053 752 3106 Germania
770 3051 894 3105 interiore
962 3089 1269 3104 ........
1315 3001 1529 3105 ιιΐιζιιιιιιειιιοιιῑιιι·
1539 3063 1628 3121 poste.
1639 3055 1695 3122 μθ.
1706 3057 1732 3104 ib

136 3123 152 3174 2
179 3139 197 3173 n
252 3126 397 3187 Augusta.
433 3161 440 3174 .
476 3161 483 3174 .
520 3163 526 3175 .
572 3123 597 3173 iu
616 3121 752 3174 Germania
769 3123 904 3188 superiore
961 3157 1269 3172 ........
1315 3120 1440 3188 superfuit
1458 3131 1544 3174 aetate
1562 3123 1649 3175 Dionis

136 3193 152 3242 3
179 3207 204 3241 ιιι
251 3191 395 3256 Angusta.
431 3229 437 3241 .
475 3229 482 3242 .
519 3230 525 3242 .
570 3192 596 3240 in
615 3191 705 3244 Atrion
721 3226 1266 3244 .............
1314 3189 1442 3257 superfuit
1459 3199 1545 3242 aetate
1565 3192 1654 3243 ilionis

135 3261 204 3310 4ιιι
253 3259 352 3312 Gallica
391 3298 397 3309 .
433 3299 439 3312 .
476 3299 482 3311 .
518 3299 524 3312 .
554 3262 595 3352 ¹in
614 3259 717 3327 Syria¹)
761 3298 767 3311 .
804 3297 810 3310 .
846 3297 853 3309 .
891 3297 897 3310 .
943 3256 1288 3392 ἱιίξξξῒΐὶιιιίἰὲἓιέιιιιῖιῗίιιδῑιοιὲξ
1315 3257 1441 3326 superfuit
1458 3267 1544 3312 aetate
1563 3261 1653 3312 Dionis

553 3353 558 3460 i
960 3395 1003 3460 ao
1162 3365 1168 3376 '
1238 3365 1244 3378 '

160 3566 178 3622 ¹)
191 3567 313 3621 lngiorem
321 3564 640 3620 perseuerantissimum)
648 3563 911 3620 scribitaiguas'l'iberie
923 3567 927 3642 Ι
939 3571 998 3606 certe
1016 3569 1096 3615 quarta
1109 3563 1150 3604 ills
1163 3563 1222 3616 legio
1236 3575 1279 3604 non
1293 3564 1336 3605 terit
1349 3577 1376 3606 or
1389 3563 1482 3614 duabus,
1498 3564 1578 3618 quibua
1593 3565 1618 3607 1«.
1628 3567 1731 3618 Asprensr

118 3639 234 3692 accepisse,
247 3650 288 3682 nse
300 3643 361 3682 reste
375 3636 429 3679 oiim
443 3637 541 3691 sogitsri
550 3637 578 3680 de
586 3637 701 3692 signorum
710 3637 839 3680 amissorum
847 3635 912 3678 reati·
938 3641 1040 3688 praeerat
1055 3635 1123 3687 (Veli.
1133 3637 1152 3683 t,
1166 3637 1221 3685 itt).
1245 3633 1290 3676 Sed
1304 3647 1354 3678 eum
1369 3649 1396 3678 no
1411 3635 1451 3678 hoe
1469 3635 1559 3688 quidem
1579 3635 1642 3679 nobis
1663 3643 1730 3677 nomm

117 3708 203 3750 tutione
224 3721 274 3750 cnm
294 3707 356 3751 clade
376 3707 479 3750 Lolliam
503 3721 523 3750 a.
539 3709 579 3752 'itt
600 3709 674 3762 aliquo
694 3707 759 3750 motio
782 3707 911 3756 cominatu
938 3707 968 3747 sit
981 3713 1035 3760 quot
1052 3706 1152 3760 legiones
1166 3718 1192 3750 eo
1210 3711 1308 3759 tempore
1328 3707 1351 3748 in
1373 3707 1491 3750 Germania
1511 3708 1661 3758 constiterint,
1681 3705 1730 3760 quod

116 3779 183 3821 immo
208 3779 285 3834 negari
305 3793 349 3822 non
368 3785 443 3834 potest
465 3779 576 3833 legionem
593 3780 687 3832 primam
705 3778 733 3821 ad
753 3777 911 3832 Vespasianum
938 3777 1051 3830 posuimus
1065 3778 1157 3820 tei-teme
1171 3777 1261 3820 tolerari
1274 3779 1361 3832 peterit

118 3863 187 3903 usque
207 3851 231 3891 in
252 3851 371 3893 ommis
390 3850 496 3892 interiore
516 3850 646 3893 tendentem
667 3851 719 3892 binc
740 3855 840 3892 constare
861 3861 912 3891 eon·
979 3852 1000 3898 ²)
1014 3847 1237 3902 Syriaepeseeedisse
1251 3859 1298 3892 area
1311 3851 1412 3904 legiones
1428 3865 1467 3906 per
1480 3865 1499 3894 a
1513 3865 1535 3896 ιι.
1550 3865 1568 3895 u.
1583 3853 1689 3896 tes-m
1702 3849 1731 3891 le·

116 3921 222 3975 scriptam
236 3933 285 3964 esse
298 3926 386 3965 snetme
396 3921 484 3965 'liberio
497 3926 549 3976 post
562 3922 646 3965 sladem
655 3921 779 3964 Varianam
805 3924 911 3962 Attamen
938 3919 1020 3972 sepiens
1034 3925 1087 3970 (ant
1097 3923 1129 3968 lt,
1139 3923 1170 3968 10,
1180 3924 1203 3971 t,
1223 3919 1274 3964 bell,
1284 3920 1333 3966 Iud.
1342 3925 1361 3970 8,
1371 3926 1390 3970 t,
1400 3927 1421 3974 1)
1436 3927 1512 3966 auctor
1532 3929 1580 3973 eet,
1601 3933 1727 3976 questuosa

117 3991 176 4046 qnod
195 3997 243 4034 tum
259 4005 295 4035 me
313 3992 393 4042 morit,
414 3992 438 4035 lei
450 4006 509 4036 nuno
522 4005 610 4047 qnoque
622 3998 703 4042 moret,
716 4004 797 4046 nempe
810 3991 837 4033 sb
851 4005 913 4034 exer·
939 3993 964 4032 tt
975 3989 1277 4044 commentantes),
1290 3993 1350 4035 hune
1360 4006 1475 4036 nnmerum
1485 3993 1513 4036 ad
1523 4000 1631 4036 ernemoe
1642 3993 1730 4047 appeti
1746 3986 1747 4001 ¹

116 4064 173 4114 nitu,
187 4064 225 4116 qni
238 4069 351 4118 praeterea
367 4062 480 4118 legionum
493 4077 594 4107 numeros
608 4063 730 4107 ssecnndo
743 4063 771 4104 ed
785 4063 913 4105 vicesimum
939 4074 1006 4102 annos
1021 4061 1132 4114 pertinere
1154 4062 1281 4106 verisimile.
1308 4063 1341 4104 lix
1362 4070 1467 4117 quattuor
1480 4065 1515 4107 inis
1536 4065 1662 4118 leglonibue
1683 4069 1731 4106 duee

115 4135 193 4188 plenos
202 4134 298 4183 baberet
304 4133 911 4189 primamabessenonpotnhsenequeatnitebexereitu
939 4131 1028 4175 Tacitus
1048 4134 1146 4176 nominet
1159 4133 1189 4174 VI
1210 4134 1316 4178 ferratum
1338 4136 1463 4186 (aniam
1477 4137 1505 4179 ad
1519 4141 1586 4188 ait)
1604 4143 1627 4179 et
1645 4137 1666 4178 X
1684 4136 1731 4177 Fre

115 4207 146 4249 td.
155 4207 255 4256 Antonii,
269 4218 401 4259 quamquam
409 4217 491 4258 paucos
503 4211 591 4248 tantm
605 4218 704 4249 nummos
718 4205 815 4258 reliquit.
833 4205 911 4258 Itaque
939 4211 1023 4245 tensam
1043 4203 1103 4256 (ann.
1113 4209 1132 4254 t,
1141 4205 1167 4248 87
1186 4205 1213 4247 ad
1228 4217 1246 4246 a
1258 4208 1298 4258 lt).
1332 4205 1440 4259 Reliquas
1460 4205 1549 4250 dubium
1570 4221 1614 4252 nen
1634 4215 1669 4251 est
1689 4219 1731 4250 esse

116 4282 142 4318 nt
154 4277 239 4331 primae
251 4277 338 4330 legioni
350 4276 476 4319 etiamante
486 4276 571 4320 cladem
580 4277 698 4318 Varianam
706 4275 769 4318 locus
778 4276 911 4324 inveniatur,
938 4275 997 4317 inter
1019 4274 1071 4317 illas
1095 4281 1199 4328 quattuor
1221 4276 1334 4331 legiones,
1357 4289 1415 4330 quse
1437 4277 1524 4331 Syriam
1546 4285 1665 4322 ιιιιιιιτιιιιι
1688 4291 1731 4320 een

115 4349 208 4391 {orme
221 4348 279 4389 anmi
294 4351 367 4401 potest
387 4359 438 4390 ιιιιι
458 4347 543 4390 sladem
563 4346 592 4390 ad
612 4352 715 4401 quattuor
735 4346 846 4400 legiones,
867 4359 911 4388 non
937 4344 1022 4389 bellum
1036 4353 1113 4390 sonna
1126 4348 1219 4392 Parthos
1233 4362 1252 4391 a.
1266 4353 1292 4390 tl
1307 4349 1495 4405 ermaitl'l‘aoitue
1510 4353 1647 4402 ann.1e,a>;
1661 4347 1732 4392 uude·

116 4419 261 4472 eequsbiliter
281 4424 356 4462 umen
374 4419 520 4472 pertinuisse,
538 4424 564 4460 ut
581 4422 627 4460 tres
644 4417 772 4467 interirent,
793 4423 870 4470 quarta
883 4416 911 4459 ob
937 4416 992 4460 bant
1011 4419 1071 4460 enim
1091 4419 1123 4462 ibi
1141 4426 1197 4464 ase
1217 4420 1318 4474 legiones
1339 4421 1446 4474 quinque,
1467 4421 1555 4466 seilicet
1573 4426 1660 4476 pneter
1680 4419 1731 4461 duas

115 4491 190 4534 nasio
204 4503 268 4544 quam
282 4489 360 4544 cnlpae
374 4495 397 4533 et
410 4489 480 4532 eladis
493 4490 667 4532 communionem
680 4489 714 4531 lta
726 4494 911 4537 exauctoraretur,
937 4499 1003 4540 supra
1022 4491 1147 4533 nominatus
1167 4491 1201 4532 111
1221 4491 1308 4533 Gallica
1329 4490 1427 4544 (tacitus
1447 4504 1498 4535 ann.
1510 4495 1548 4542 18,
1563 4497 1595 4535 stt
1608 4495 1644 4540 tu,
1657 4493 1678 4533 te
1692 4493 1731 4534 tta

115 4562 229 4604 utstatim
242 4561 398 4604 restitueretur
411 4574 503 4604 numero
511 4566 606 4610 neuen,
620 4559 723 4603 similiter
731 4564 758 4602 ut
764 4560 910 4613 Vespasianus
938 4557 968 4598 IV
977 4558 1079 4612 Scythica
1093 4561 1191 4615 (Tacitus
1204 4566 1237 4612 lt,
1250 4565 1270 4604 e.
1281 4566 1301 4606 i.
1311 4563 1358 4616 88),
1376 4561 1418 4603 xu
1432 4563 1550 4604 tulminata
1562 4561 1658 4616 (l'snitns
1673 4563 1731 4609 1⁵,t
1745 4601 1746 4606 ,

115 4633 264 4676 mactaretis
280 4631 405 4685 legionibus
418 4633 448 4674 tv
463 4631 617 4674 Macedonicae
634 4636 659 4673 et
676 4631 728 4673 xvi
745 4631 842 4673 Gallicae
859 4630 911 4673 snb·
937 4632 984 4682 tt),
1002 4632 1025 4672 in
1039 4632 1074 4675 hie
1089 4639 1163 4676 auum
1176 4646 1221 4676 uns
1234 4635 1278 4675 tuit
1291 4648 1317 4678 cx
1331 4633 1448 4676 Germanis
1466 4634 1495 4677 sd
1514 4633 1538 4675 id
1557 4633 1628 4688 ipsum
1648 4631 1731 4674 bellem

115 4705 190 4748 stituit
202 4703 234 4746 IV
252 4709 275 4748 et
287 4703 339 4745 xvi
356 4704 451 4746 Flavias.
479 4703 560 4746 Verum
573 4709 608 4746 est
624 4703 684 4746 inter
696 4715 723 4746 ea
736 4715 792 4756 qnae
806 4701 834 4744 de
847 4701 911 4745 elada
937 4702 960 4744 in
981 4701 1067 4756 Syriam
1086 4703 1153 4748 misae
1173 4705 1273 4758 (truens
1293 4707 1453 4758 enn.1³‚tt).
1482 4707 1515 4746 lia
1536 4717 1640 4759 quaenam
1658 4703 1731 4746 liseria

114 4776 156 4819 ills
169 4775 250 4818 tradita
263 4773 368 4819 habam
380 4774 437 4818 nibil
451 4774 554 4828 reperiri,
575 4773 634 4827 qnod
653 4775 697 4817 bue
717 4779 778 4817 reete
798 4773 909 4822 trahatur;
937 4773 1062 4827 quaeritur,
1083 4789 1125 4820 nee
1142 4775 1208 4820 taeile
1229 4778 1328 4830 quaestio
1342 4776 1459 4820 diiudicari
1473 4782 1559 4832 potest,
1579 4788 1628 4820 eum
1648 4775 1731 4816 nullius
