3525 5417
282 351 346 414 194
699 345 989 403 ORTHOGRAPHIA
1007 345 1225 404 LATINORVM

280 527 425 588 lominum
447 527 537 590 millio
558 547 707 607 utinquam
728 532 824 590 mineus
846 532 1051 610 quotoquogr’uto
1068 537 1096 591 ct
1116 528 1246 601 duamur,
1268 527 1349 590 color
1370 525 1511 589 orationis
1532 544 1642 588 nume-

280 648 383 691 rorum
412 629 572 709 legitimam
604 630 817 692 ordinationem
847 632 978 712 paullum
1007 630 1141 692 mutarit.
1184 630 1249 692 Duo
1270 630 1333 705 alii,
1358 631 1473 708 [olom
1494 634 1643 710 colereter

284 735 559 814 septuageuuqmum
581 735 713 810 scotomi
737 734 787 796 ubi
809 743 911 798 utrum
934 735 1038 814 copula
1061 735 1150 795 luerit
1163 752 1267 809 necne,
1288 753 1393 815 parum
1407 745 1538 815 apparet,
1560 736 1644 797 ordi-

280 854 348 896 nem
382 844 502 916 apparet
529 837 642 916 neglegi
668 845 817 917 praetcrea
844 847 1014 900 constanter
1040 845 1204 911 serratum,
1233 840 1357 899 fortasse
1382 837 1452 900 inde
1478 839 1642 919 explicandi

280 947 363 1012 sunt,
391 941 469 1018 quod
499 959 566 1001 cum
594 949 754 1019 utrumque
783 951 887 1022 caput,
915 950 949 1003 ut
970 925 1042 1003 item
1065 939 1187 1002 tertium
1210 942 1246 1003 de
1267 960 1359 1003 censu
1381 942 1469 1003 tertio
1490 951 1521 1003 et
1541 941 1640 1022 ipsum

280 1043 497 1122 quodammodo
525 1064 542 1105 a
569 1043 722 1105 communi
743 1044 805 1122 lege
828 1045 977 1129 recedens,
1000 1044 1036 1106 ad
1051 1043 1177 1124 Augusti
1197 1063 1309 1107 annum
1332 1054 1497 1107 extremum
1519 1055 1641 1126 spectet,

280 1146 351 1207 haec
373 1146 469 1208 addita
493 1147 553 1208 sint
573 1165 694 1208 necesse
716 1155 761 1208 cst
783 1155 835 1209 aut
855 1149 893 1209 ab
915 1149 979 1229 ipso
1001 1147 1058 1210 sub
1081 1156 1206 1210 mortem
1230 1157 1289 1221 aut,
1312 1146 1342 1209 id
1364 1148 1444 1227 quud
1467 1148 1561 1229 magis
1576 1167 1641 1210 ειε-

280 1249 415 1323 diderim,
437 1251 484 1330 pia
508 1250 732 1331 interpolatione
755 1259 902 1336 postuma.
939 1251 1013 1313 Nam
1029 1269 1129 1312 rerum
1146 1259 1294 1330 gestarum
1308 1249 1494 1331 imperatoris
1510 1250 1642 1312 defuncti

280 1352 510 1414 commentarius
533 1353 561 1414 iu
593 1353 664 1414 urbe
692 1360 723 1413 et
750 1371 804 1433 per
832 1354 997 1434 provincias
1025 1354 1197 1434 imperfecte
1221 1343 1346 1435 proponi
1368 1373 1429 1415 non
1450 1353 1562 1425 debuit,
1584 1353 1642 1415 etsi

280 1474 348 1516 eum
378 1455 515 1536 princeps
543 1456 672 1517 moriens
694 1455 901 1537 imperfectum
923 1456 1051 1537 reliquit,
1074 1476 1129 1519 nec
1159 1456 1249 1519 taceri
1275 1455 1311 1517 de
1337 1475 1429 1518 censu
1455 1455 1558 1529 tertio,
1585 1456 1642 1517 etsi

280 1556 410 1637 primum
439 1568 469 1619 et
496 1558 659 1620 secundum
684 1559 779 1621 solum
803 1560 939 1642 princeps
961 1561 1024 1642 ipse
1046 1569 1206 1622 enarraret.
1249 1559 1359 1621 Eodem
1383 1577 1444 1621 non
1466 1559 1531 1620 sine
1551 1578 1642 1620 causa

280 1663 440 1735 referetur,
474 1663 552 1742 quod
582 1661 612 1723 in
636 1661 682 1722 his
703 1673 956 1744 scptucgeusumus
976 1673 1023 1726 est
1043 1683 1097 1744 per
1117 1684 1139 1725 u
1159 1662 1287 1725 litteram
1310 1661 1346 1724 ab
1367 1663 1433 1742 ipso
1454 1661 1588 1741 Augusto
1609 1662 1643 1723 in

280 1763 387 1826 talibus
418 1765 522 1827 formis
549 1773 719 1828 constanter
739 1765 886 1828 evitatam.
931 1768 1025 1840 Quam
1049 1767 1172 1828 obrem
1195 1766 1363 1839 ridendum,
1385 1784 1485 1827 annon
1506 1784 1582 1845 quae
1603 1765 1643 1826 ad

280 1876 410 1929 extrema
432 1869 556 1947 Augusti
579 1878 710 1950 tempora
733 1876 868 1949 spectant
889 1869 1037 1932 a'liberio
1060 1870 1152 1949 magis
1174 1887 1263 1949 quam
1285 1867 1322 1930 ab
1344 1868 1409 1948 ipso
1424 1871 1554 1950 profecta
1569 1867 1641 1930 sint

280 1969 406 2050 Copulae
433 1981 530 2032 autem
554 1992 626 2034 usus
649 1979 809 2052 perpetuus
830 1970 997 2053 limpiditati
1019 1972 1165 2035 sermonis
1187 1971 1312 2051 Augusti
1334 1970 1454 2033 omnino
1475 1981 1563 2052 aptus
1585 1981 1643 2033 est.

379 2072 520 2134 Aduerbio
543 2074 711 2148 numeralia,
734 2093 809 2154 quae
831 2074 1017 2137 iterationem
1041 2075 1215 2155 significant,
1238 2073 1376 2156 princeps
1397 2094 1459 2136 non
1479 2073 1512 2136 in
1527 2094 1560 2138 ·o
1575 2078 1641 2136 for-

282 2173 387 2248 mavit,
416 2175 519 2238 sedin
543 2196 609 2239 -um
631 2179 794 2240 secundum
817 2197 904 2240 usum
928 2179 1021 2258 magis
1043 2179 1216 2258 probatum,
1245 2177 1376 2239 scribens
1398 2179 1516 2239 tertium
1538 2177 1644 2238 comui

284 2287 314 2340 et
335 2277 378 2338 sic
400 2278 546 2360 deinceps.

379 2380 462 2443 Addo
484 2383 641 2462 singularia
665 2383 748 2444 haec:

421 2485 457 2547 cb
480 2504 540 2546 nun
563 2487 709 2568 reperitur
730 2485 788 2548 nisi
809 2495 877 2547 ante
900 2485 1029 2547 vocalem
1051 2486 1097 2547 rel
1118 2486 1137 2548 l
1158 2485 1297 2547 litteram.

419 2607 483 2649 cum
505 2608 560 2670 quo
582 2608 610 2648 rr
625 2608 661 2663 uo,
683 2608 744 2651 non
766 2607 901 2670 quocum.

420 2707 458 2750 ea
480 2698 649 2752 constanter
671 2701 840 2772 usurpatur,
863 2709 1028 2771 numquam
1051 2709 1074 2751 e.

420 2791 508 2855 lrouos
530 2812 581 2874 per
602 2813 625 2855 s.

420 2897 562 2958 incolere.

420 2996 607 3071 Marcomani,
630 3016 690 3060 non
714 2996 921 3060 Marcmnuone'.

420 3097 564 3162 Messalla.
855 3107 858 3114 '

418 3201 512 3264 millio
535 3221 651 3283 semper
673 3201 812 3265 scribitur
834 3221 888 3284 per
909 3204 921 3265 l
941 3203 1058 3282 duplex.
1086 3235 1094 3250 ·

414 3306 525 3384 paullo,
548 3323 608 3366 uon
628 3306 727 3386 poulo.

416 3407 556 3487 periclum
574 3407 621 3488 (ut
636 3405 774 3486 ridetur),
797 3408 942 3484 recciario,
964 3409 1136 3490 opertorium
1150 3407 1194 3488 (in
1209 3403 1339 3467 auctario
1354 3413 1401 3466 est
1415 3405 1639 3487 musonem).

414 3513 548 3589 pignora,
571 3527 630 3570 non
650 3513 780 3590 pa'gacro.

413 3611 509 3690 plebei
550 3611 664 3673 dativus
708 3611 853 3692 reperitur
895 3611 956 3685 bis,
994 3631 1062 3674 cum
1107 3613 1137 3673 in
1174 3611 1307 3690 genetivo
1355 3607 1502 3670 scribatur
1546 3609 1641 3689 plato

461 3713 501 3793 (v.
525 3713 684 3777 Schneider
707 3714 736 3787 2,
752 3714 837 3794 359).

416 3820 538 3896 quietus,
561 3835 620 3878 non
643 3821 781 3896 quinctus.

416 3925 541 3992 macenti,
563 3924 727 3983 sescmtiens
747 3938 800 4000 per
821 3939 844 3981 e.

415 4021 548 4082 voktudo
570 4041 624 4102 per
647 4042 670 4086 e.

794 4179 1112 4188 -.-——-.————-

699 4353 736 4429 2.
784 4357 843 4429 De
870 4355 1035 4432 versione
1063 4353 1213 4430 Graece.

372 4528 561 4612 llletaphrasis
584 4531 708 4592 Graecae
730 4532 871 4611 originem
891 4542 1047 4613 postquam
1063 4551 1151 4614 supra
1167 4551 1196 4612 ρ.
1212 4549 1241 4592 ¹1
1255 4529 1389 4605 indicavi,
1411 4531 1477 4592 eius
1493 4531 1638 4607 indolem,

272 4631 307 4690 de
329 4649 385 4710 qua
409 4651 496 4712 supra
518 4652 548 4713 p.
564 4635 650 4695 rrrrr
672 4633 702 4694 in
725 4634 896 4696 universum
919 4635 1041 4715 exposui
1069 4653 1218 4716 quamque
1240 4633 1311 4696 item
1334 4642 1469 4696 accurate
1499 4635 1640 4697 tractarit

272 4733 342 4794 Otto
365 4734 529 4798 Hirschfeld
556 4756 585 4817 p.
609 4736 665 4799 rot
682 4736 806 4812 -264,
840 4737 951 4817 placuit
983 4738 1039 4800 hoc
1072 4739 1136 4800 loco
1169 4738 1334 4819 expendere
1366 4736 1476 4818 duplici
1509 4738 1638 4810 ratione,
