3525 5417
170 1784 420 1892 Commentarius
443 1848 542 1892 rerum
565 1839 724 1910 gestarum,
746 1848 833 1911 mem
857 1830 894 1893 ab
908 1831 1041 1911 Augusto
1062 1831 1162 1912 paucis
1184 1839 1251 1893 ante
1267 1838 1392 1893 mortem
1408 1832 1520 1893 mensi·

168 1932 224 1994 bus
254 1932 454 2014 conscriptum
484 1952 548 1995 esse
578 1932 614 1996 ad
641 1933 862 2015 inscriptionem
890 1935 1079 2015 exposuimus
1106 1933 1184 2012 (ride
1209 1933 1284 1996 inira
1306 1952 1335 2014 p.
1353 1935 1398 2011 l),
1426 1935 1520 2015 capita

167 2036 374 2117 complectitur
394 2036 524 2116 quinque
546 2044 575 2099 et
603 2037 736 2117 triginta,
767 2055 827 2098 non
855 2046 1008 2099 numerata
1036 2036 1170 2117 quidem,
1197 2037 1248 2098 sed
1274 2036 1411 2099 distincta
1432 2058 1518 2100 versu

167 2140 265 2221 primo
287 2127 453 2201 eminente.¹
473 2140 514 2201 Ea
536 2159 603 2202 cum
627 2141 727 2202 eadem
751 2140 810 2202 sint
832 2140 861 2201 in
886 2140 996 2202 Latinis
1019 2140 1194 2219 Graecisque
1215 2139 1285 2220 (nisi
1306 2140 1384 2220 quod
1406 2140 1519 2203 addita·

168 2254 302 2305 mentum
324 2242 398 2305 alius
420 2242 549 2305 auctoris
572 2244 674 2306 Latine
696 2242 836 2305 dividitur
856 2242 888 2304 in
903 2243 997 2324 capita
1011 2253 1160 2324 quattuor,
1184 2243 1291 2306 Graece
1306 2244 1517 2320 continuatur),

167 2345 269 2407 eadem
299 2344 386 2406 etiam
413 2344 444 2407 in
467 2346 600 2426 exemplo
622 2347 773 2427 Ancyrano
796 2355 826 2408 et
847 2345 1058 2427 Apolloniensi,
1085 2345 1149 2407 iure
1171 2349 1336 2408 referentur
1357 2348 1392 2409 ad
1420 2347 1518 2429 ipsum

167 2448 333 2529 Augustum
356 2449 401 2510 vel
422 2458 501 2511 certe
523 2450 559 2511 ad
581 2450 771 2531 archetypum
795 2449 1000 2511 commentarii
1022 2449 1170 2531 exemplar
1191 2449 1222 2510 in
1245 2450 1318 2512 urbe
1340 2450 1517 2531 expositum,

166 2550 265 2631 itaque
286 2571 341 2614 nos
364 2572 481 2633 quoque
496 2572 556 2615 non
572 2552 770 2615 dubitavimus
785 2554 946 2617 secundum
961 2572 995 2615 ea
1010 2553 1255 2615 commentarium
1277 2553 1363 2615 edere
1385 2556 1519 2617 numeris

166 2656 296 2729 adiectis,
319 2676 497 2737 quamquam
519 2656 582 2737 ipsa
604 2656 771 2719 distributio
793 2675 898 2737 pamm
920 2655 1079 2737 probabilis
1101 2664 1147 2717 est
1160 2664 1191 2718 et
1204 2674 1291 2736 saepe
1306 2657 1408 2719 eodem
1425 2657 1519 2739 capite

166 2760 262 2838 agitur
291 2760 325 2821 de
353 2760 442 2821 rebus
470 2759 600 2821 dirersis.
645 2760 710 2840 lpse
737 2760 967 2822 commentarius
997 2760 1160 2841 tripertitus
1183 2769 1243 2822 est:
1270 2759 1366 2839 agitur
1387 2761 1517 2842 primum

165 2863 201 2925 de
216 2862 378 2925 honoribus
392 2862 423 2923 in
439 2863 605 2942 Augustum
627 2862 748 2936 collatis,
772 2862 801 2924 id
823 2870 869 2925 est
891 2863 926 2925 de
943 2863 1160 2943 magistratibus
1176 2862 1346 2926 saoenlotiis
1361 2864 1519 2947 triumphis

165 2966 342 3047 reliquisque
371 2964 515 3027 similibus
545 2966 645 3028 multis
668 2974 698 3027 et
720 2965 805 3027 variis
828 2971 866 3041 (e.
883 2965 1011 3045 1-xrv),
1039 2966 1143 3029 deinde
1169 2967 1204 3029 de
1228 2966 1369 3047 impensis
1391 2987 1464 3047 quas
1487 2968 1518 3031 in

164 3088 226 3132 rem
243 3069 389 3151 publicam
405 3070 441 3131 de
456 3088 510 3131 suo
531 3070 601 3131 lecit
622 3070 659 3149 (c.
675 3070 844 3150 xri-xxiv),
867 3068 993 3149 denique
1015 3070 1051 3132 de
1072 3069 1161 3132 rebus
1183 3070 1273 3154 gestis
1294 3090 1365 3151 pace
1385 3071 1520 3152 belloque

165 3174 202 3254 (e.
217 3172 422 3251 xxv—xxxr);
444 3172 542 3252 itaque
563 3174 614 3253 qui
636 3172 754 3235 titulum
775 3171 894 3236 dietavit
908 3192 1008 3236 rerum
1024 3183 1172 3254 gestarum
1188 3174 1247 3235 diri
1262 3174 1395 3255 Augusti,
1411 3175 1519 3255 quibus

165 3277 265 3340 orbem
293 3286 438 3340 terrarum
466 3275 589 3357 imperio
615 3275 715 3356 populi
736 3276 861 3339 Romani
884 3276 1071 3351 subiecisset,
1100 3286 1129 3339 et
1149 3276 1364 3357 impensarum,
1394 3279 1518 3359 quasin

164 3400 225 3444 rem
240 3380 386 3463 publicam
402 3380 604 3462 populumque
619 3380 820 3442 Romanorum
847 3382 973 3456 lecisset,
996 3380 1122 3462 primam
1144 3389 1258 3461 partem
1282 3381 1390 3457 omisit,
1411 3401 1519 3444 secun·

164 3487 230 3549 dam
253 3484 429 3565 tertiamque
451 3483 578 3545 invertit.
622 3482 808 3564 Quamquam
835 3484 1022 3566 partitionem
1048 3484 1128 3547 illam
1152 3485 1301 3565 Augustus
1328 3495 1447 3548 secutus
1473 3497 1519 3549 est

164 3590 193 3652 in
216 3591 388 3653 universum
410 3596 526 3650 tantum
550 3588 612 3649 sine
635 3588 806 3667 scrupulosa
828 3587 988 3650 anxietate:
1010 3587 1050 3650 ita
1073 3590 1105 3651 iu
1126 3588 1222 3669 primo
1238 3597 1364 3651 tractatu
1380 3590 1429 3652 ubi
1445 3609 1518 3652 een-

164 3694 256 3757 soriae
285 3691 440 3774 potestatis
469 3689 612 3763 meminit,
643 3690 722 3771 ipsos
756 3711 873 3772 quoque
902 3710 1008 3754 census
1033 3694 1099 3754 tuse
1125 3701 1242 3754 enarrat
1269 3694 1402 3773 (c.r111),
1430 3692 1516 3756 tertio

163 3796 288 3859 inseruit
309 3814 369 3858 uon
384 3794 480 3857 solum
496 3794 622 3856 bonores
637 3812 704 3856 cum
721 3795 764 3856 rei
779 3795 912 3876 publicae
925 3796 1113 3858 restitutione
1128 3794 1310 3871 coniunctos,
1326 3795 1405 3877 quod
1420 3806 1518 3879 potest

164 3900 278 3964 delendi
301 3898 460 3983 (c.xxx1r),
484 3900 536 3961 sed
559 3898 645 3960 etiam
669 3899 788 3961 titulum
803 3898 895 3981 patris
910 3898 1021 3979 patriae
1036 3898 1092 3961 sibi
1106 3900 1238 3961 oblatum
1255 3902 1292 3974 (c.
1308 3903 1409 3976 xxxr);
1432 3900 1517 3963 deni-

163 4026 219 4087 que
240 4024 300 4068 uon
324 4022 415 4085 pauca
437 4011 516 4077 sunt,
538 4021 613 4082 quae
635 4002 697 4083 pari
719 4002 782 4065 iure
804 4012 835 4065 et
855 4002 953 4085 primo
973 4012 1003 4065 et
1017 4002 1104 4065 tertio
1119 4004 1216 4066 ordini
1229 4004 1332 4067 inferri
1346 4013 1516 4087 potuerunt.

163 4109 335 4192 Diligentius
364 4116 462 4170 autem
485 4123 574 4186 quam
602 4105 729 4187 reliquas
752 4106 824 4168 duas
847 4105 998 4186 Augustus
1020 4118 1175 4171 exsecutus
1196 4116 1242 4171 est
1262 4117 1375 4190 partem
1398 4109 1433 4171 de
1455 4109 1517 4171 im-

163 4215 260 4295 pensis
283 4213 313 4274 in
343 4231 405 4275 rem
433 4210 578 4293 publicam
604 4210 704 4285 lactis,
732 4210 858 4273 maxime
886 4210 972 4272 ludos
998 4211 1217 4293 congiariaque3
1239 4231 1334 4293 neque
1354 4214 1384 4275 id
1406 4212 1516 4276 mirum

163 4318 258 4381 estin
281 4316 368 4379 titulo
383 4316 491 4378 Romae
513 4317 664 4398 proposito
686 4316 854 4396 scriptoque
876 4314 1064 4395 potissimum
1087 4314 1164 4397 plebi
1182 4314 1319 4379 urbanae.
1360 4318 1394 4379 ln
1415 4336 1515 4380 rerum

163 4423 274 4485 delectu
298 4420 486 4495 domesticas,
510 4429 544 4482 ut
565 4439 618 4501 par
639 4429 715 4495 erat,
738 4420 889 4498 Augustus
912 4418 1027 4482 silentio
1049 4420 1255 4500 praetermisit,
1282 4429 1396 4483 utnon
1419 4422 1515 4483 solum

163 4526 300 4589 mulieres
329 4525 435 4587 domus
458 4525 521 4587 eius
543 4543 689 4605 nusquam
713 4530 929 4597 memorentur,
957 4524 1009 4585 sed
1030 4542 1068 4585 ue
1090 4522 1259 4604 adoptiones
1281 4524 1401 4605 quidem
1424 4524 1515 4605 siqui-

162 4630 295 4692 licentur.
339 4629 373 4690 ln
394 4628 519 4710 publicis
548 4648 616 4691 cum
644 4647 714 4691 suos
740 4630 867 4691 honores
890 4646 1017 4707 suasque
1037 4645 1085 4688 res
1108 4636 1204 4707 gestas
1225 4646 1365 4689 cumrans
1386 4627 1514 4690 liliorum

164 4732 224 4795 Gaii
246 4730 328 4795 Lucii
350 4732 459 4794 'liberii
488 4734 644 4813 generique
666 4732 808 4813 Agrippae
835 4730 946 4813 passim
974 4731 1150 4806 meminerit,
1179 4731 1259 4793 nubo
1286 4730 1350 4793 loco
1372 4750 1409 4793 ne
1432 4731 1514 4794 ducis
