3525 5417
233 283 276 348 VO
819 278 872 346 ΠΙ,
891 279 951 334 35--
963 281 996 335 39

333 459 419 522 llunc
444 459 618 522 laterculum
644 467 779 521 accurate
806 458 857 538 qui
885 458 1034 540 expendit,
1063 457 1211 538 intelleget
1231 457 1359 538 legiones
1382 457 1506 538 Augusti
1530 475 1590 518 nu-

235 584 316 628 mero
338 565 468 645 quinque
490 573 520 626 et
545 562 678 644 viginti¹)
700 582 736 624 cx
757 570 897 642 quattuor
919 561 1135 642 quodammodo
1157 561 1290 642 partibus
1312 561 1490 642 compositas
1514 580 1590 634 esse,

234 667 362 748 antiquis
384 686 438 740 xn,
466 667 586 730 adscitis
614 686 649 728 ex
676 667 806 729 exercitu
829 665 996 728 Antoniano
1024 666 1068 728 vel
1090 665 1248 747 Lepidiano
1270 683 1312 739 vr,
1341 665 1517 746 conscriptis
1538 684 1592 746 per

234 791 327 834 annos
350 771 411 833 759
434 789 477 850 sq.
501 789 561 844 vus,
584 770 689 832 additis
712 780 781 850 post
801 770 913 832 cladem
928 769 1081 831 Varianam
1106 787 1136 830 n.
1174 767 1331 830 Videamus
1353 777 1451 831 autem
1475 769 1511 830 de
1527 769 1591 830 sin-

235 875 310 956 gulis
331 873 465 956 partibus
487 873 589 935 ordine
612 876 738 936 inverso.

318 978 340 1039 l.
373 976 517 1058 Legiones
539 976 611 1038 duas
632 976 662 1037 in
683 975 786 1038 ordine
801 986 948 1039 extremas
964 995 1012 1038 xxx
1028 984 1059 1038 et
1073 994 1142 1048 xxu,
1166 985 1314 1057 praeterea
1330 995 1340 1036 ι
1356 982 1394 1052 (ι.
1411 997 1439 1058 p.
1456 961 1543 1039 6811.
1561 977 1591 1056 1)

235 1091 303 1164 post
313 1080 424 1143 cladem
432 1080 586 1142 Varianam
599 1079 756 1141 accessisse
768 1080 879 1143 dudum
893 1080 1072 1142 intellectum
1085 1090 1139 1140 est
1173 1079 1246 1140 Nam
1259 1088 1292 1142 ut
1303 1080 1418 1143 mittam
1430 1098 1593 1142 numerum

234 1187 286 1266 qui
301 1183 517 1248 uicesimarium
540 1192 660 1265 superat
673 1183 771 1263 ipsum
793 1202 827 1244 eo
850 1184 926 1246 trabi
947 1203 1042 1265 posse,
1066 1183 1144 1262 quod
1168 1183 1241 1245 duae
1263 1182 1328 1245 illae
1349 1183 1476 1264 legiones
1491 1193 1593 1264 postea

236 1290 356 1351 demum
384 1297 415 1350 et
441 1286 660 1368 quodammodo
686 1296 766 1349 extra
788 1286 922 1348 ordinem
944 1286 1133 1360 accesserint,
1157 1305 1230 1366 quae
1253 1287 1288 1348 de
1307 1286 1452 1349 exercitus
1469 1288 1593 1349 Germa-

235 1391 301 1454 niae
331 1389 477 1452 inlerioris
505 1388 669 1469 legionibus
697 1390 805 1471 prima,
832 1390 934 1471 quinta
965 1390 1097 1462 alaudae,
1131 1388 1280 1460 vicesima,
1308 1406 1365 1450 una
1396 1397 1428 1450 et
1457 1389 1594 1450 vicesima

238 1494 342 1556 scribit
366 1493 486 1555 Tacitus
514 1497 593 1567 (ann.
624 1494 651 1564 1,
667 1492 704 1553 31
729 1493 794 1555 coll.
816 1492 909 1555 Ilione
931 1495 982 1566 57,
1006 1495 1038 1574 5)
1060 1493 1247 1556 nemoralem
1268 1493 1478 1556 murtenam
1500 1510 1595 1573 super

238 1610 300 1662 ecto
327 1602 359 1660 io
379 1599 451 1659 urbe
472 1596 575 1659 delectu
596 1596 715 1677 (nempe
738 1607 805 1678 post
827 1599 937 1660 cladem
961 1597 1129 1672 Varianam,
1156 1599 1193 1658 et.
1215 1595 1269 1658 Ilio
1291 1596 1411 1672 61123)
1434 1607 1595 1658 ceterorum

238 1703 326 1764 rudes
353 1705 462 1762 animos
488 1704 625 1768 tremisse,
656 1719 723 1761 cum
753 1701 886 1781 quintam
914 1702 1058 1782 legionem
1087 1701 1206 1764 alaudae
1235 1712 1265 1762 et
1286 1698 1454 1762 vicesimam
1477 1707 1596 1761 constet

238 1804 360 1866 Variana
383 1803 463 1864 clade
485 1803 646 1865 anteriores
668 1822 742 1876 esse,
765 1805 804 1865 ita
827 1803 1044 1886 interpretanda
1067 1812 1137 1866 sunt
1151 1805 1280 1884 legiones
1295 1822 1398 1866 recens
1413 1802 1594 1882 conscriptas

240 1928 250 1968 ι
273 1917 304 1970 et
325 1925 374 1969 ιιι
397 1905 520 1968 traxisse
542 1906 615 1968 duas
637 1906 764 1987 reliquas
784 1917 945 1970 veteranas.
980 1908 1068 1988 Legio
1082 1917 1182 1970 autem
1197 1926 1257 1969 xxrr
1273 1925 1339 1968 cum
1355 1906 1515 1969 constituta
1530 1924 1596 1967 esse

241 2031 300 2073 non
322 2010 418 2092 possit
438 2017 506 2071 ante
528 2012 634 2071 tactam
656 2010 800 2088 legionem
823 2030 887 2085 ιιι,
917 2013 1019 2075 eodem
1043 2022 1175 2093 tempore
1205 2011 1278 2072 baec
1298 2029 1414 2090 quoque
1436 2009 1535 2072 addita
1557 2009 1597 2072 sit

241 2133 362 2178 necesse
401 2122 461 2189 est,
502 2123 571 2194 puta
611 2113 755 2176 militibus
792 2115 996 2190 Deiotarianis,
1038 2117 1091 2197 qui
1131 2115 1167 2177 ab
1212 2115 1277 2196 ipso
1317 2132 1384 2193 rege
1422 2111 1528 2174 armati
1566 2120 1597 2174 et

241 2217 379 2280 instructi
414 2217 546 2279 Romano
583 2235 664 2279 more
701 2236 769 2279 cum
806 2237 896 2298 regno
933 2219 995 2280 eius
1032 2219 1068 2280 ad
1097 2219 1261 2298 Augustum
1292 2215 1508 2298 pervenissent,
1546 2214 1621 2304 illo·

242 2331 386 2403 tempore,
417 2340 476 2401 quo
503 2320 738 2401 quibuscumque
759 2304 861 2383 ¹modis
888 2321 985 2403 potuit
1005 2322 1102 2402 copias
1124 2321 1270 2383 Romanas
1291 2321 1440 2400 Augustus
1462 2317 1597 2398 augebat,

242 2424 358 2488 civitate
378 2423 510 2486 llomana
532 2424 647 2486 donatis
669 2433 699 2486 et
720 2424 750 2486 in
773 2424 895 2504 legionis
917 2428 1041 2486 turmam
1065 2424 1199 2487 redactis.

326 2528 361 2589 ll.
395 2527 555 2608 Legionum
579 2527 696 2590 atertia
712 2528 824 2590 decima
839 2529 875 2590 ad
891 2527 1058 2590 vicesimam
1075 2528 1149 2589 ratio
1164 2527 1235 2588 item
1252 2525 1406 2608 peculiaris
1421 2535 1475 2586 est
1511 2523 1598 2585 Nulla

243 2632 273 2693 in
295 2632 341 2694 bis
363 2640 418 2704 est,
440 2649 529 2712 quam
553 2631 675 2711 probare
690 2632 785 2713 possis
800 2631 932 2694 extitisse
947 2639 1015 2693 ante
1030 2648 1139 2694 annum
1157 2649 1185 2692 u.
1203 2649 1228 2692 c.
1245 2631 1316 2702 759,
1339 2649 1398 2710 quo
1414 2636 1599 2690 memoratur

242 2755 301 2799 una
330 2731 430 2798 e'arum
457 2735 593 2796 vicesima
621 2737 650 2796 in
674 2733 823 2797 Pannonia
846 2734 989 2814 stipendia
1010 2752 1128 2794 merens
1150 2733 1233 2814 (Vell.
1250 2733 1279 2806 2,
1296 2732 1380 2813 112).
1424 2731 1497 2794 Item
1520 2729 1599 2792 inter

243 2839 387 2920 legiones,
417 2855 542 2917 quarum
569 2847 722 2899 ueteranos
749 2839 786 2900 ab
808 2840 939 2918 Augusto
962 2835 992 2897 in
1020 2836 1147 2898 colonias
1175 2836 1315 2898 deductos
1337 2853 1401 2897 esse
1424 2843 1541 2896 constat
1562 2853 1598 2895 ex

243 2941 385 3017 nummis,
412 2959 481 3003 mox
508 2939 672 3003 videbimus
701 2942 811 3004 nullam
838 2961 902 3002 esse
924 2959 999 3022 quae
1021 2958 1178 3002 numenxm
1201 2959 1242 3001 ιιι
1264 2948 1399 3020 superet3
1420 2937 1499 3019 quod
1522 2957 1599 3018 quo-

243 3046 332 3108 modo
365 3044 429 3106 fieri
460 3043 603 3127 potuerit,
636 3062 696 3105 non
728 3044 922 3125 intellegitur,
955 3042 981 3104 si
1013 3062 1080 3105 vere
1108 3045 1258 3124 Augustus
1286 3061 1339 3123 per
1367 3041 1477 3104 multos
1504 3059 1599 3102 annos

244 3148 348 3214 babuit
378 3148 506 3229 legiones
533 3148 569 3210 ad
597 3166 754 3209 numerum
784 3148 1015 3222 uicesimarium,
1049 3146 1131 3209 facile
1158 3155 1257 3208 autem
1284 3143 1459 3225 explicatur,
1494 3143 1519 3205 si
1547 3163 1600 3204 ex-

245 3262 340 3327 tremo
356 3253 475 3314 demum
498 3260 630 3332 tempore
652 3269 754 3331 eoque,
776 3271 835 3330 quo
856 3251 903 3312 vix
924 3251 1053 3314 colonias
1075 3250 1148 3312 ullas
1172 3247 1301 3320 deduxit,
1323 3247 1451 3328 legiones
1474 3265 1489 3307 a
1513 3246 1600 3308 tertia

246 3356 359 3418 decima
387 3355 423 3417 ad
449 3354 617 3416 vicesimam
640 3353 770 3417 adscivit
815 3354 947 3435 Denique
969 3354 1086 3417 numeri
1107 3351 1258 3433 legionarii
1281 3351 1507 3431 geminationem
1531 3369 1600 3412 cum

246 3460 316 3521 item
349 3460 423 3520 intra
453 3458 685 3520 demonstratum
717 3457 757 3520 sit
783 3457 957 3537 antiquioris
986 3456 1107 3538 originis
1135 3455 1277 3518 indicium
1307 3455 1462 3536 praebere,
1495 3453 1600 3516 wem

347 3684 368 3746 ι)
387 3682 450 3734 Eum
469 3698 599 3734 numerum
617 3690 643 3734 et
660 3682 767 3734 Tacitus
785 3683 852 3746 (sun.
871 3679 1100 3748 quaponticae
1118 3694 1141 3730 a.
1160 3675 1192 3728 ta
1212 3684 1238 3728 et
1254 3675 1303 3728 Ilio
1322 3677 1364 3743 55,
1377 3676 1424 3727 231
1443 3679 1502 3747 apta
1520 3673 1549 3730 dl
1567 3671 1601 3741 δὴ

246 3767 306 3822 τότε
328 3763 496 3838 στρατόπεδα
518 3763 535 3833 ἢ
558 3762 595 3826 ὥς
617 3785 648 3836 ys
670 3767 756 3838 ἕτεροι
774 3767 886 3835 λέγουσι
898 3768 987 3834 ,πέντε
1004 3766 1052 3817 καὶ
1069 3767 1157 3816 εἰκοσι
1175 3757 1298 3816 πολιτικὰ
1315 3761 1450 3832 ἐτρέφετο.
1487 3763 1602 3814 Priorem

248 3871 377 3908 numerum
396 3853 575 3906 Grotelendius
593 3853 753 3920 (Zeitscbrill
768 3855 817 3921 fair
828 3851 1167 3917 Altortbumswisseasclrufl
1186 3850 1251 3901 tato
1269 3867 1291 3916 p.
1304 3849 1366 3917 659)
1384 3850 1421 3901 ita
1433 3847 1556 3913 defendit,
1574 3857 1605 3900 ut

248 3939 346 3993 relerst
362 3942 394 3992 ed
411 3940 526 4006 legiones
544 3939 611 3992 eladi
630 3940 758 3992 Variouse
777 3941 940 4007 superstites,
958 3937 1068 3990 fumasse
1088 3945 1172 4001 recte3
1190 3937 1216 3987 id
1235 3938 1258 3987 si
1272 3951 1359 3988 verum
1372 3943 1421 4001 est,
1440 3935 1519 4003 priuis
1532 3935 1603 4000 legio

249 4034 415 4079 exauctorata
425 4035 452 4078 et
462 4043 521 4078 mox
533 4027 654 4078 restitute
668 4027 759 4093 etipse
771 4042 874 4077 numero
888 4023 1114 4092 comprehenditur.
1139 4023 1258 4075 Ceterum
1270 4023 1335 4089 quod
1345 4023 1391 4074 llio
1403 4023 1451 4074 boc
1461 4023 1518 4074 loco
1528 4021 1605 4073 offert

248 4128 393 4182 quanquam
416 4115 453 4166 ibi
475 4113 633 4181 potissimum
655 4114 759 4164 videtur
780 4112 962 4176 collocavisse,
985 4111 1049 4178 quod
1072 4110 1175 4162 annales
1198 4108 1325 4176 pleniores
1346 4109 1474 4175 legionum
1498 4115 1604 4177 propter

250 4201 344 4252 bellurn
362 4199 531 4252 Pannonicum
550 4200 748 4266 conscriptarum
767 4200 836 4250 ciros
854 4201 915 4251 baec
927 4207 1041 4265 ternpore
1053 4197 1230 4261 meminerunt,
1248 4211 1304 4247 cour
1316 4197 1463 4247 universam
1475 4193 1604 4259 legionum

249 4288 382 4338 historiam
406 4303 462 4339 eum
484 4288 532 4338 boc
554 4287 610 4338 loco
634 4287 752 4353 persequi
776 4295 909 4353 appareat,
935 4301 964 4337 es
982 4299 1079 4352 quoque
1097 4299 1160 4350 quoe
1178 4283 1209 4334 de
1227 4283 1337 4349 Augusti
1355 4281 1500 4348 legionibus
1517 4281 1604 4343 babet,

250 4391 298 4424 nou
318 4380 389 4424 recte
407 4388 420 4423 s
439 4373 550 4424 lloberto
566 4370 637 4438 (vide
654 4389 677 4440 p.
689 4373 720 4424 tt
733 4381 785 4425 uot.
798 4360 821 4436 1)
839 4375 875 4425 ita
894 4373 1060 4440 accipiuntur,
1078 4371 1151 4437 quasi
1168 4384 1198 4421 es
1217 4370 1300 4422 omnis
1317 4376 1408 4421 auctor
1425 4384 1454 4420 ao
1467 4368 1524 4435 ipso
1537 4384 1603 4422 suno

251 4462 286 4511 ite
306 4460 424 4512 ordinata
441 4459 523 4511 fuisse
535 4461 679 4526 contendat,
698 4462 742 4512 sed
754 4460 873 4528 quidquid
886 4461 917 4511 de
930 4459 1040 4525 Augusti
1053 4456 1182 4509 institutis
1193 4456 1346 4522 legiousriis
1355 4453 1467 4522 profert,
1483 4454 1533 4504 boo
1544 4452 1604 4504 loeo

251 4546 446 4614 conprehendit.
476 4544 562 4612 ltsque
580 4546 603 4597 si
622 4553 692 4597 reete
711 4547 809 4598 conieci
827 4562 884 4598 enus
902 4546 968 4597 inter
981 4545 1097 4610 legiones
1110 4545 1236 4610 Augustus
1250 4557 1381 4594 numerare
1393 4556 1446 4593 xxxx
1459 4541 1606 4593 Deiotaria-

251 4649 308 4685 nem
319 4633 399 4698 mam’s
412 4648 485 4699 quern
497 4633 684 4702 primigeniam,
696 4635 720 4684 id
733 4635 798 4700 quod
810 4641 838 4684 et
846 4632 958 4683 lloberto
971 4641 997 4684 et
1007 4631 1067 4684 aliis
1077 4631 1184 4698 probavi
1194 4628 1238 4688 tel.
1248 4628 1397 4697 blanquerdt
1405 4627 1567 4680 Stasimum.
1580 4626 1606 4692 2,

251 4721 321 4786 410),
338 4721 397 4773 iude
416 4735 570 4787 nequaquem
588 4721 713 4786 sequitur,
731 4728 759 4771 ut
776 4727 864 4771 censet
881 4718 1016 4785 liebertus,
1035 4734 1089 4770 esur
1109 4717 1234 4784 legionem
1252 4717 1300 4768 ism
1316 4731 1339 4766 a.
1353 4715 1403 4767 158
1423 4713 1567 4766 exstitisse.
