3525 5417
531 1589 583 1664 Π.
631 1589 799 1664 INDEX
825 1587 1134 1666 VERBORVM.

397 1766 434 1844 1.
476 1768 535 1874 De
562 1767 822 1867 orthographia
847 1767 1094 1842 commentarii
1121 1767 1256 1842 Latini.

249 1965 354 2026 Sermo
369 1963 573 2026 commentarii
596 1964 770 2025 commodus
792 1971 821 2025 et
836 1963 1011 2043 perspicuus
1025 1981 1147 2043 prorsus
1170 1965 1325 2026 confirmat
1346 1973 1406 2026 tsm
1429 1965 1509 2044 quod

147 2075 299 2128 auctorem
333 2066 436 2129 scribit
460 2067 620 2130 Suetonius
653 2086 678 2128 c.
700 2065 740 2128 86
770 2075 906 2128 secutum
936 2085 1001 2127 esse
1028 2085 1121 2145 genus
1151 2066 1306 2146 eloquendi
1334 2067 1449 2146 elegans
1478 2075 1508 2129 et

147 2180 343 2251 tempemtum
377 2170 474 2232 vitatis
506 2169 719 2232 sententiarum
752 2169 870 2249 ineptiis
906 2177 993 2249 atque
1026 2168 1223 2230 concinnitate
1256 2177 1286 2230 et
1321 2170 1506 2250 praecipuam

146 2293 249 2336 curam
277 2274 396 2336 duxisse
424 2292 543 2335 sensum
578 2272 668 2335 animi
695 2292 784 2352 quam
811 2273 996 2352 apertissime
1024 2272 1202 2352 exprimere,
1235 2291 1324 2352 quam
1355 2273 1434 2352 quod
1468 2272 1509 2334 ait

147 2377 260 2439 Fronto
294 2377 342 2458 (ad
363 2378 472 2439 Verum
489 2396 534 2457 ep.
553 2378 584 2454 1)
614 2394 682 2437 eum
709 2375 875 2455 praeditum
903 2375 995 2437 luisse
1026 2374 1143 2454 linguae
1177 2373 1264 2435 etiam
1294 2383 1358 2436 tum
1391 2375 1506 2455 integro

149 2481 249 2562 lepore
271 2482 370 2562 potius
398 2498 487 2560 quam
518 2477 632 2541 dicendi
656 2479 798 2540 ubertate.
847 2479 913 2539 Non
942 2477 1143 2558 pereruditum
1166 2476 1318 2539 hominem
1340 2478 1506 2557 Augustum

145 2583 238 2645 luisse
260 2583 338 2663 quod
361 2583 402 2645 ait
424 2582 588 2644 Hadrianus
611 2580 701 2662 (apud
722 2579 887 2642 Charisium
912 2581 975 2660 lp.
994 2580 1056 2642 209
1077 2579 1162 2655 Keil),
1186 2581 1392 2642 consuetudini
1415 2581 1507 2661 magis

147 2704 237 2766 quam
259 2686 378 2748 lectioni
399 2705 467 2748 eum
490 2685 521 2747 in
544 2683 640 2746 verbis
662 2685 803 2763 eligendis
825 2683 1073 2764 obtemperavisse
1095 2683 1270 2762 significans,
1293 2684 1322 2744 id
1344 2683 1507 2746 illustratur

144 2789 180 2850 iis
208 2807 282 2869 quae
304 2808 333 2869 p.
350 2788 390 2850 85
418 2789 454 2850 de
483 2787 656 2869 prolligandi
683 2788 823 2849 vocabulo
851 2786 1080 2848 observavimus
1124 2787 1209 2859 Quod
1237 2785 1317 2848 addit
1347 2787 1506 2850 Suetonius

143 2892 311 2972 Augustum
335 2910 429 2971 neque
451 2890 682 2971 praepositiones
706 2890 828 2952 urbibus
850 2891 958 2952 addere
980 2889 1159 2951 dubitavisse
1175 2909 1269 2970 neque
1284 2890 1506 2953 coniunctiones

143 2993 261 3075 saepius
282 2995 397 3068 iterare,
420 2994 517 3073 ipsum
540 2993 769 3055 commentarius
792 3012 852 3054 non
875 2993 1040 3067 confirmat,
1062 2992 1112 3055 sed
1129 2993 1263 3054 similiter
1277 2993 1416 3055 diciturr
1436 3012 1506 3057 assa

138 3108 310 3178 peruentum
331 3117 388 3159 csse
411 3098 449 3159 ud
471 3097 604 3176 oppidum
627 3095 739 3159 Nabata
761 3104 791 3158 et
813 3098 851 3158 cd
873 3097 1006 3176 oppidum
1028 3095 1155 3166 Mariba,
1178 3097 1345 3175 pariterque
1367 3095 1507 3158 scribitur

142 3220 171 3261 11
185 3219 212 3263 cr
233 3200 273 3261 bis
294 3218 356 3261 meo
378 3203 490 3262 nomme
512 3209 538 3260 ct
560 3203 675 3262 tertium
696 3203 803 3280 arpotis
824 3203 882 3261 mei
901 3202 1015 3261 comice
1037 3207 1067 3260 ct
1081 3196 1224 3277 repetitur
1239 3199 1316 3259 aedis
1330 3199 1504 3261 vocabulum

142 3323 169 3363 rr
184 3323 203 3366 s.
217 3321 244 3365 11
266 3302 406 3384 patientia
428 3301 476 3364 vir
497 3302 626 3364 terenda.
664 3302 743 3364 Albis
767 3321 837 3376 111,
860 3300 1010 3363 Danuvius
1034 3319 1091 3363 111
1118 3300 1226 3381 (neque
1250 3310 1347 3362 tamen
1370 3321 1439 3364 mox
1455 3303 1505 3364 ubi

140 3406 219 3467 redit
240 3406 326 3486 111),
353 3405 459 3467 Tanais
481 3425 538 3469 111
564 3424 624 3467 nou
646 3405 838 3467 nominantur
863 3405 922 3467 nisi
943 3405 1041 3466 addito
1063 3403 1195 3465 fluminis
1218 3404 1372 3479 vocabulo,
1399 3423 1506 3485 quam·

140 3527 229 3588 quam
254 3527 313 3570 111
338 3508 508 3589 simpliciter
529 3507 699 3570 enuntiatur
721 3507 850 3570 llbenus.
895 3508 928 3569 ln
950 3507 1152 3571 numeralibus
1175 3507 1205 3568 id
1226 3508 1305 3587 quod
1328 3516 1373 3568 est
1395 3518 1505 3569 centum

139 3613 234 3674 millio
260 3611 300 3673 ibi
326 3613 462 3692 ponitur,
491 3611 541 3673 ubi
568 3611 716 3673 omittitur
742 3610 894 3672 communi
926 3630 998 3683 usu,
1025 3610 1054 3670 id
1084 3610 1162 3689 quod
1185 3610 1237 3690 qui
1258 3610 1504 3671 commentarium

140 3723 325 3796 usurparunt
345 3722 445 3794 postea
467 3715 542 3776 male
565 3713 679 3794 decepit
701 3715 738 3790 (1.
755 3733 783 3794 p.
800 3713 863 3794 38).
903 3712 1077 3793 Splendidae
1099 3713 1220 3792 originis
1237 3712 1391 3773 bominum
1407 3713 1505 3793 potius

140 3837 229 3898 quam
257 3818 376 3879 nomina
403 3825 584 3897 usurpantur
611 3817 798 3896 cognomina,
832 3817 928 3896 qualia
957 3824 1029 3877 sunt
1055 3815 1177 3876 Crassus
1205 3815 1347 3877 Lentulus
1377 3815 1505 3897 Lepidus

140 3921 294 3982 blarcellus
316 3920 393 3981 Nero
415 3919 484 3981 Piso
508 3918 624 3980 Silanus
647 3918 710 3986 alia,
734 3929 834 3981 contra
856 3928 902 3980 est
923 3919 955 3979 in
976 3917 1148 3980 hominibus
1170 3917 1254 3979 noris
1276 3918 1321 3978 vel
1343 3917 1504 3980 nobilitatis

141 4025 242 4086 minus
265 4021 454 4102 conspicuae,
485 4030 519 4082 ut
540 4021 570 4082 in
593 4020 728 4084 Antistiis
750 4022 921 4097 Veteribus,
944 4019 1076 4083 Calvisiis
1099 4020 1230 4095 Sabinis,
1254 4020 1382 4082 Caniniis
1406 4021 1503 4095 Gallis,

140 4124 367 4199 cartusiensis,
391 4125 535 4187 Lucretiis
556 4123 667 4195 Cinnis,
695 4124 843 4185 Passienis
865 4125 958 4195 llufis,
985 4122 1135 4196 Quintiliis
1157 4123 1247 4196 Varis,
1272 4123 1408 4203 Sulpiciis
1431 4123 1505 4197 Qui-

138 4229 234 4303 riniis,
257 4226 363 4306 Valgiis
378 4226 470 4288 llufis.
507 4226 669 4288 Consulum
692 4226 772 4306 paria
795 4227 971 4306 plerumque
992 4235 1146 4308 ponuntur
1167 4227 1276 4288 adiecta
1299 4228 1402 4307 copula
1421 4245 1505 4288 more

140 4329 316 4403 recentiore,
350 4327 438 4390 etiam
468 4329 520 4390 ubi
547 4328 712 4408 iunguntur
740 4327 798 4389 duo
826 4327 986 4407 gentilicia3
1015 4328 1163 4390 omittitur
1190 4328 1293 4409 copula
1316 4330 1411 4391 tribus
1432 4330 1503 4391 locis

140 4453 160 4494 u
174 4449 208 4494 ss.
222 4449 255 4495 ss.
276 4450 351 4493 1111.
388 4431 577 4494 lterationem
600 4433 630 4493 in
654 4430 855 4493 consulatibus
877 4429 1042 4493 indicandis
1062 4431 1155 4493 semel
1176 4430 1315 4492 omissam
1336 4431 1504 4495 invenimus

140 4555 169 4597 m
185 4553 214 4597 as
234 4535 265 4597 in
288 4535 333 4596 Ti.
348 4535 462 4597 Nerone
485 4537 530 4597 111
551 4536 670 4616 antique
692 4536 732 4616 (1.
749 4536 779 4598 C.
795 4535 816 4596 1.
835 4535 867 4596 L.
883 4535 897 4596 1
912 4554 941 4596 n.
963 4535 1122 4597 531615.
1142 4532 1217 4613 721)
1239 4534 1285 4595 vel
1306 4536 1502 4616 neglegenter.

223 4639 315 4700 Notae
339 4639 528 4720 reperiuntur
550 4642 611 4701 lere
632 4640 738 4702 nullae.
768 4639 842 4702 Nam
864 4639 926 4701 sola
941 4637 1132 4720 praenomina
1147 4646 1319 4700 constanter
1333 4640 1505 4702 scribuntur

138 4762 191 4823 per
220 4741 304 4804 solita
332 4744 508 4824 conpendia,
538 4743 591 4806 ubi
617 4744 768 4806 sollemnis
798 4762 872 4805 usus
899 4743 1037 4805 vocabula
1065 4742 1228 4823 perscripta
1257 4743 1401 4822 repudiat.
1446 4744 1504 4805 Sed
