3525 5417
768 312 818 380 Il,
839 315 907 368 1-8
1471 316 1510 380 81

157 495 311 557 interdum
334 494 480 556 circenses
503 493 646 573 spectavit
660 493 755 572 (Suet.
771 493 843 572 Aug.
860 491 918 567 453
941 491 1040 554 Claud.
1056 491 1099 570 4).
1138 492 1266 554 Graecus
1288 491 1432 572 interpres
1445 493 1512 573 pul-

158 603 249 660 mirer
270 598 411 659 hocloco
433 597 560 659 reddidit
581 593 671 671 ναόν,
693 596 725 656 in
747 594 910 657 summario
932 594 1040 656 omisit.

261 701 350 763 Aedes
380 705 412 762 ta
441 700 580 782 Gapalolr'o
608 699 683 762 loeas
708 700 829 779 feretrir'.
881 697 1053 759 caraman
1079 697 1110 759 in
1137 697 1343 780 topographiae
1370 699 1426 760 vol.
1445 699 1515 772 1,2

157 823 190 885 p.
214 804 264 865 47.
299 803 397 885 Nepos
419 805 478 866 Ate.
494 803 549 865 20:
573 803 686 874 accidit,
709 821 774 864 cam
795 802 872 864 aedeis
892 801 967 864 lovis
988 802 1102 882 feretn'i
1121 805 1152 862 r'ra
1176 801 1315 882 Capitolio
1337 803 1371 864 ad
1395 802 1516 865 Bomalo

157 912 312 970 constrtma
332 917 468 971 oetaetate
489 917 573 988 elprae
593 909 708 969 maaria
730 905 836 968 detecta
852 905 1066 985 prolaberetur,
1088 915 1121 966 at
1142 905 1227 967 Attici
1247 906 1392 968 admealta
1409 905 1517 969 Caesar

157 1030 226 1073 eaor
245 1012 429 1092 reficiendam
450 1021 574 1073 careret.
612 1008 672 1070 Liv.
689 1010 719 1084 4,
742 1007 796 1070 20:
819 1008 870 1069 leoc
892 1026 940 1089 ego
962 1027 1027 1070 cam
1041 1009 1200 1089 depastam
1217 1006 1375 1082 Caesarem,
1398 1009 1516 1090 temple-

156 1132 230 1176 mm
250 1118 378 1176 onmium
399 1115 573 1176 maditorem
594 1132 628 1176 aa
648 1116 853 1183 restitutam,
879 1115 1039 1192 depressam
1060 1113 1158 1174 aedem
1179 1111 1293 1191 feretris·
1311 1111 1401 1184 lova,
1432 1132 1517 1194 paam

155 1228 297 1279 naratcte
314 1217 457 1298 dilapsam
476 1219 592 1298 refecit,
617 1235 647 1278 se
676 1219 772 1296 ipsam
796 1220 828 1278 ia
848 1215 962 1278 thorace
986 1217 1070 1278 llrdee
1092 1221 1228 1297 comptam
1250 1217 1345 1298 legisse
1366 1217 1516 1280 audissem.

157 1321 275 1383 Atticus
298 1329 434 1383 mortuus
456 1330 502 1383 est
522 1341 548 1383 a.
565 1341 593 1382 u.
610 1339 635 1381 c.
652 1319 713 1381 722
736 1317 912 1399 scripsitque
934 1319 1009 1380 hanc
1024 1317 1100 1380 vitae
1115 1328 1228 1399 partem
1244 1328 1404 1382 extremam
1420 1319 1517 1401 Nepos

158 1425 276 1488 devicto
295 1425 422 1487 Antonio
450 1425 486 1487 ad
511 1424 629 1486 Actium
653 1428 689 1497 (c.
706 1423 757 1496 20,
779 1422 811 1500 5)
835 1441 932 1502 neque
955 1431 1052 1483 mmen
1074 1429 1142 1501 post
1163 1441 1188 1484 a.
1205 1421 1266 1484 725
1289 1423 1370 1504 (nam
1393 1423 1518 1503 graviter

158 1536 244 1590 errat
263 1527 465 1610 Nipperdeius‚
487 1547 555 1590 cum
578 1525 771 1607 prol.p.xv11
794 1534 861 1589 ante
882 1545 908 1588 a.
925 1525 986 1587 725
1002 1525 1156 1586 Caesarem
1177 1525 1385 1606 imperatorem
1405 1526 1517 1589 dictum

157 1651 228 1693 esse
248 1630 362 1711 negat),
387 1633 512 1694 fortasse
533 1631 597 1711 ipso
620 1648 697 1691 anno
719 1647 834 1710 pugnae
855 1629 988 1691 Actiacae
1011 1627 1082 1702 723,
1104 1648 1163 1710 quo
1184 1629 1256 1692 item
1279 1631 1364 1694 aedes
1383 1630 1518 1693 restituta

156 1735 278 1798 videtur
299 1754 373 1797 esse.

262 1839 350 1902 Aedes
369 1842 402 1900 ia
426 1836 566 1918 Capitolio
587 1834 663 1897 lova
683 1840 817 1898 tonantii.
851 1835 894 1897 Cf.
910 1835 1017 1899 lordan
1039 1835 1078 1931 in¹
1093 1835 1282 1916 topographia
1305 1836 1385 1898 urbis
1407 1835 1518 1897 Romae

158 1942 221 2004 vol.
238 1943 266 2016 1,
288 1941 308 2001 2
330 1940 425 2037 1148.
470 1939 555 2001 Vovit
582 1939 682 2001 aedem
706 1940 856 2020 Augustus
883 1959 909 2001 a.
926 1938 1035 2018 728)9,
1067 1957 1132 2002 com
1153 1939 1328 2020 eapede'tr‘oree
1351 1939 1519 2005 Contolriea

156 2065 214 2126 per
240 2055 413 2108 sodomam
439 2049 494 2106 lter
515 2044 643 2105 lecticam
663 2048 723 2106 etas
743 2044 846 2124 [algar
864 2047 1099 2125 praestra'aaisset
1122 2061 1289 2124 comamque
1308 2041 1520 2122 praelucentem

156 2154 354 2212 amasset
375 2148 469 2224 (Suet.
489 2149 562 2227 Aug.
583 2146 648 2223 29),
674 2147 817 2209 dedicavit
842 2167 867 2209 a.
892 2146 954 2209 732
977 2147 1056 2227 Sept.
1081 2148 1096 2206 1
1128 2144 1194 2226 (Bio
1218 2147 1272 2220 54,
1300 2146 1335 2219 4;
1364 2144 1395 2207 G.
1410 2143 1434 2205 l.
1449 2144 1481 2205 L.
1496 2145 1518 2218 1,

157 2253 250 2330 409).
292 2253 523 2333 Repraesentant
548 2250 650 2311 aedem
676 2250 793 2312 nummi
813 2250 949 2331 inscripti
970 2249 1045 2313 leod
1066 2253 1190 2312 toaardr's
1213 2247 1382 2311 similiterve
1405 2248 1519 2328 (Cohen
1620 2329 1627 2342 ι

157 2359 238 2437 Aug.
256 2355 431 2419 178—180.
455 2353 645 2435 184-186).

264 2459 493 2532 demessuerint.
531 2456 573 2519 Cl.
589 2456 700 2520 Becker
714 2476 742 2537 p.
759 2458 836 2533 5713
857 2456 962 2519 lordan
977 2456 1043 2538 eph.
1060 2455 1150 2537 epigr.
1169 2457 1185 2515 1
1202 2474 1230 2535 p.
1247 2453 1309 2518 236
1322 2474 1382 2537 seq.
1409 2455 1519 2519 Aedem

157 2565 241 2626 hanc
265 2564 297 2625 in
326 2563 399 2626 colle
425 2561 569 2635 Quirinali
597 2561 740 2624 dedicavit
766 2559 917 2640 Augustus
945 2578 971 2621 a.
993 2559 1069 2635 738,
1096 2557 1131 2621 ἐκ
1157 2557 1271 2640 καινῆς
1298 2556 1520 2642 οἰκοδομήσας

157 2667 232 2748 (uio
254 2667 304 2741 54,
329 2666 395 2746 19),
424 2685 522 2746 neque
542 2665 648 2739 obstat,
671 2665 750 2745 quod
771 2663 926 2743 aliquando
947 2664 1063 2725 obstare
1084 2662 1184 2744 putavi
1207 2661 1251 2740 (C.
1267 2662 1290 2722 1.
1306 2662 1338 2723 L.
1360 2662 1416 2744 lp.
1433 2663 1518 2744 395),

158 2769 245 2850 quod
266 2769 436 2830 nominatur
456 2767 514 2830 iam
535 2767 612 2848 apud
627 2766 793 2829 Vitruvium
809 2767 838 2841 3,
855 2766 884 2842 2,
901 2767 930 2841 7,
946 2785 1015 2828 nam
1030 2785 1210 2848 quamquam
1225 2784 1293 2828 eum
1308 2765 1518 2846 praefationem

159 2881 245 2934 certe
267 2871 418 2953 scripsisse
439 2879 507 2934 ante
529 2890 555 2933 a.
572 2870 633 2932 727
655 2880 734 2932 recte
749 2869 956 2932 Lachmannus
979 2872 1061 2952 (opp.
1077 2868 1184 2931 mim2
1205 2889 1234 2949 p.
1252 2869 1325 2944 164)
1349 2869 1520 2945 observavit,

160 2975 274 3037 librum
301 2975 439 3056 quintum
469 2982 537 3056 post
561 2992 630 3036 eum
653 2991 764 3036 annum
787 2973 910 3036 ediderit
931 2993 1052 3036 necesse
1074 2985 1119 3036 est
1141 2972 1223 3053 (nam
1245 2972 1372 3053 Augusti
1391 2973 1521 3036 nominis

159 3077 303 3142 meminit
323 3079 352 3152 5,
377 3080 405 3152 1,
428 3079 460 3156 7)
483 3085 638 3159 potestque
661 3077 746 3139 aedes
767 3077 880 3158 aliquot
900 3076 985 3139 annis
1008 3085 1076 3140 ante
1098 3095 1123 3138 a.
1141 3073 1203 3139 738
1225 3075 1360 3139 incohata
1382 3097 1448 3140 esse
1468 3096 1522 3139 ve-

160 3191 247 3245 tusta
268 3181 338 3244 aede
360 3181 466 3256 diruta
489 3191 524 3243 ut
545 3200 620 3243 nova
642 3181 746 3244 eodem
769 3181 832 3242 solo
853 3181 946 3243 fieret.

266 3284 355 3347 Aedes
382 3283 470 3363 (tres)
492 3283 637 3347 Mmeroae
661 3295 687 3346 et
715 3282 835 3346 lancois
856 3283 981 3365 Beplaae
1006 3293 1033 3345 et
1053 3280 1131 3344 loeta
1151 3281 1302 3348 Libertatis
1322 3288 1354 3346 r'a
1376 3285 1521 3348 Aventino.
1567 3355 1570 3360 ,

163 3388 213 3450 cf.
230 3387 340 3450 Becker
362 3389 398 3449 de
419 3387 514 3468 prima
536 3407 566 3468 p.
582 3388 654 3461 454,
677 3387 713 3449 de
735 3387 863 3450 secunda
886 3406 915 3467 p.
931 3385 1003 3460 452,
1025 3385 1062 3448 de
1085 3385 1169 3448 tertia
1191 3406 1220 3467 p.
1236 3387 1298 3449 457
1321 3395 1351 3449 et
1373 3387 1444 3450 721.
1480 3387 1522 3451 Be

163 3491 235 3553 love
257 3490 418 3565 Libertate,
447 3491 499 3570 qui
521 3488 604 3565 Ζεὺς
626 3488 817 3573 ἐλευθέριος
838 3489 947 3552 dicitnr
968 3489 1137 3570 interpreti,
1167 3489 1379 3553 dubitationem
1402 3510 1521 3554 omnem

163 3595 277 3657 tollant
302 3591 380 3656 tituli
408 3593 467 3656 iam
496 3595 566 3656 satis
588 3595 651 3657 noti
674 3593 812 3656 Orelliani
836 3592 928 3655 1249.
954 3593 1044 3656 1282.
1092 3594 1185 3657 Aedes
1207 3594 1259 3656 has
1281 3602 1342 3657 tres
1364 3595 1522 3658 numinum

165 3697 260 3760 trium
276 3696 506 3778 Capitolinorum
523 3696 677 3778 Zumptius
699 3696 792 3759 credit
814 3714 873 3759 non
896 3715 966 3759 casu
981 3695 1128 3778 coniungi,
1152 3699 1202 3761 sed
1218 3699 1377 3761 sacrarium
1393 3698 1522 3761 effecisse

165 3800 364 3881 tripertitam
391 3799 420 3862 id
448 3801 603 3862 siveram
634 3809 695 3875 est,
723 3799 826 3862 habuit
850 3808 886 3862 ut
912 3799 1054 3881 Tarpeias
1081 3819 1167 3864 mons
1196 3812 1225 3865 et
1253 3803 1334 3864 collis
1364 3801 1522 3876 Quirinalis

165 3903 413 3985 (tancila,
442 3903 516 3979 158;
542 3903 654 3966 Becker
679 3924 708 3985 p.
729 3905 804 3981 577)
832 3902 920 3966 etiam
948 3905 1111 3967 Aventinus
1143 3924 1230 3968 suum
1259 3915 1409 3987 tamquam
1436 3905 1523 3987 Capi-

166 4008 283 4070 tolium.
335 4007 377 4070 Be
408 4007 521 4088 origine
553 4008 608 4070 hcc
634 4018 749 4071 tantum
776 4007 942 4088 accepimus
965 4008 1065 4070 aedem
1088 4008 1209 4071 lunonis
1230 4012 1336 4072 factam
1359 4028 1424 4071 esse
1445 4009 1522 4072 Veiis

166 4111 262 4193 captis
290 4130 307 4172 a
334 4110 469 4186 Camill03
494 4110 654 4185 Minervae,
684 4131 759 4193 quae
791 4112 876 4174 aedes
903 4120 982 4174 certe
1009 4110 1106 4173 extitit
1133 4112 1192 4174 iam
1220 4112 1295 4174 hello
1323 4112 1522 4188 Hannibalicc,

166 4215 304 4296 Iovisque
325 4209 444 4296 quando
463 4214 610 4278 dedicatae
632 4214 693 4278 sint
714 4216 875 4295 ignoratur.
912 4214 989 4278 Fieri
1011 4224 1164 4296 potestat
1185 4217 1237 4278 kas
1252 4235 1369 4297 quoque
1385 4216 1522 4279 Camillus

169 4319 305 4382 excitarit
327 4319 475 4400 triumque
496 4319 601 4382 harum
625 4319 742 4381 aedium
765 4321 846 4400 origo
869 4319 1036 4382 communis
1058 4319 1104 4382 sit.
1141 4318 1271 4401 Opponit
1284 4319 1427 4382 lordanus
1442 4319 1522 4401 (eph.

170 4423 296 4505 epigr.1
320 4443 349 4504 p.
366 4421 442 4504 237)
471 4423 639 4504 Angustam
665 4443 725 4486 non
755 4423 791 4486 dc
816 4424 887 4486 aede
909 4425 996 4487 verba
1017 4427 1126 4500 lacere,
1155 4425 1206 4488 sed
1229 4425 1264 4487 de
1286 4423 1407 4486 aedibus
1428 4423 1523 4485 tribus

168 4546 331 4608 eorumque
354 4525 464 4588 natales
485 4525 617 4590 diversos
638 4547 712 4601 csse,
734 4536 856 4591 eatenus
878 4537 958 4592 recte
979 4528 1109 4602 omnino,
1127 4528 1206 4610 quod
1229 4528 1264 4590 de
1286 4527 1431 4608 tripertita
1454 4527 1524 4589 aede

168 4631 202 4693 in
224 4630 369 4694 tvenano
396 4631 516 4711 cogitari
544 4649 605 4694 non
633 4641 744 4713 potest3
774 4650 829 4694 nec
858 4641 957 4695 tamen
979 4652 1050 4694 casu
1072 4631 1128 4694 tria
1149 4631 1272 4694 numina
1294 4628 1455 4711 Capitolina
1477 4631 1525 4692 hic

170 4735 309 4797 videntur
338 4733 495 4798 coniuncta
517 4734 684 4814 procedere.
721 4737 942 4816 Augustusque
964 4745 1098 4818 tempore
1119 4755 1168 4797 aas
1190 4733 1354 4798 restituerit
1374 4752 1441 4796 cum
1465 4752 1525 4796 non

1348 4834 1365 4888 6
