3525 5417
847 336 881 402 V,
901 338 1006 392 33-13

756 635 931 714 carru
957 599 1098 713 xxrx‘

308 815 373 857 tar.
389 798 418 868 5,
434 814 461 858 ae
489 797 577 877 Signa
600 798 734 860 militaria
759 799 916 878 completio
934 799 998 878 per]
1018 797 1090 860 alios
1106 797 1211 875 d[o]cds
1226 797 1350 876 amilsso]
1364 798 1492 876 damnula
1506 797 1604 861 laosta'-

435 917 462 960 ao
490 902 550 978 dela
570 903 746 981 adcipcpcot
764 901 769 984 1
788 922 824 963 ex
846 901 986 982 Hispania
1006 912 1033 963 ct
1053 900 1161 980 [Gallio
1181 913 1207 962 ct
1229 920 1248 962 ο
1270 899 1480 980 Dolmlateis.§

266 1021 311 1064 eu.
329 1005 378 1076 15,
392 1023 419 1066 ta
434 1021 462 1066 ta
488 1006 618 1086 Σημέας
646 1004 880 1087 στρατιωτικὰς
906 1001 1042 1084 [πολλὰς
1069 1000 1144 1083 11]πό
1174 999 1283 1066 ἄλλων
1310 997 1488 1086 ἡγεμ61νων
1514 997 1606 1065 ἄπο-

368 1108 417 1182 16,
447 1126 457 1168 1
486 1103 688 1190 βεβλημένος
712 1104 884 1191 [νεικήσαΙς
912 1105 1091 1188 πολεμίους
1113 1105 1126 1186 ll
1148 1101 1345 1187 ἀπέλαβονς
1374 1103 1411 1178 ἐξ
1433 1103 1606 1180 Ἱσπανίας

449 1229 463 1272 2
490 1209 547 1271 καὶ
572 1206 734 1286 Γαλατίας
756 1210 812 1273 καὶ
834 1209 927 1294 παρὰ
946 1208 951 1294 Ι
973 1209 1168 1292 Antipatreia.

245 1340 279 1401 ln
306 1341 422 1404 Graecis
447 1343 500 1417 15,
528 1341 568 1403 23
598 1336 724 1413 πολλάς
750 1341 916 1416 ltirchhoif‚
947 1339 1083 1416 πλείους
1109 1340 1218 1419 Berglr3
1251 1341 1456 1405 desiderantur
1486 1343 1604 1406 litterae

248 1461 273 1506 e.
288 1462 339 1506 ru.
360 1479 402 1490 -
425 1445 466 1506 24
488 1441 668 1528 ν(ε)ικήσας
687 1441 765 1518 τούς
787 1444 914 1526 spatium
937 1461 988 1504 rur
1010 1445 1070 1505 iere
1092 1443 1255 1506 litterarum
1279 1447 1400 1509 excedit

344 1548 492 1612 Dalmatas
513 1549 664 1630 appianus
685 1548 775 1629 (illyr.
791 1566 817 1609 c.
835 1547 884 1609 12.
901 1547 941 1609 25
970 1567 1038 1610 eum
1061 1557 1130 1608 nota
1154 1548 1422 1629 Schweighaeuseri
1444 1551 1480 1613 ad
1501 1552 1602 1613 locum

246 1650 384 1731 alterum)
413 1650 515 1714 scribit
541 1652 623 1733 signa
652 1651 774 1714 Gabinio
800 1672 826 1713 a.
847 1672 877 1714 u.
898 1671 922 1714 e.
946 1651 1007 1714 706
1034 1659 1064 1712 et
1093 1650 1207 1713 Vatinio
1236 1671 1262 1714 a.
1282 1673 1312 1715 u.
1333 1673 1358 1716 o.
1375 1655 1437 1717 710
1465 1655 1605 1736 adempta

245 1754 405 1817 reddidisse
432 1755 564 1836 Augusto
590 1775 615 1818 a.
637 1755 695 1817 721
720 1757 772 1836 (ib.
793 1776 818 1819 c.
839 1755 904 1832 28).
952 1753 992 1817 Εο
1022 1755 1158 1817 collocata
1187 1757 1312 1818 suntin
1343 1757 1458 1838 porticu
1481 1758 1603 1820 (lauria

246 1858 324 1938 (vide
345 1861 381 1922 ad
405 1862 433 1934 4,
455 1860 504 1941 2);
535 1861 586 1922 sed
614 1869 693 1922 recte
723 1863 848 1922 fortasse
871 1859 1014 1940 Bergkius
1036 1859 1123 1921 verba
1145 1879 1220 1940 quae
1242 1845 1407 1942 sequuntur
1428 1861 1467 1924 ita
1488 1864 1605 1945 accepit

245 1961 317 2024 haec
338 1982 455 2044 quoque
477 1964 559 2044 sigua
581 1973 681 2044 postea
703 1965 843 2027 translata
864 1983 928 2026 esse
951 1963 981 2025 in
997 1964 1103 2040 ¹aedem
1127 1963 1228 2026 Martis
1250 1965 1363 2026 ultoris.
1387 2001 1428 2010 —
1450 1965 1491 2028 lle
1512 1985 1603 2028 recu-

246 2066 395 2145 peratione
417 2067 566 2147 signorum
589 2067 625 2128 ab
640 2066 786 2149 Hispanis,
809 2068 885 2130 bello
900 2068 1004 2150 opinor
1021 2067 1193 2130 Cantabrico
1208 2087 1233 2129 a.
1251 2067 1321 2130 728.
1338 2069 1409 2144 729,
1432 2078 1492 2132 eta
1508 2071 1601 2133 Gallis

245 2178 379 2232 auctores
408 2179 514 2232 tacent.
557 2170 590 2231 ln
619 2169 664 2231 his
692 2170 835 2250 Bergidae
864 2170 1001 2250 cogitarit
1026 2171 1061 2231 da
1088 2171 1182 2252 aquila
1206 2171 1325 2252 quintae
1347 2173 1468 2253 legionis
1489 2174 1602 2236 amissa

244 2291 270 2333 a.
285 2271 346 2334 738
362 2273 442 2334 clade
457 2272 585 2334 Lolliana
600 2271 711 2353 (Vellei.
723 2273 752 2341 2,
765 2273 834 2354 97),
854 2275 906 2336 sed
921 2275 1018 2336 obstat
1032 2284 1061 2336 et
1077 2275 1225 2337 silentium
1242 2275 1429 2357 scriptorum,
1450 2277 1501 2359 qui
1515 2278 1602 2340 eius-

244 2375 325 2437 modi
346 2376 595 2457 recuperationem
616 2376 665 2437 rix
686 2377 855 2450 tacuissent,
879 2387 910 2441 et
930 2379 1008 2460 quod
1024 2398 1056 2441 ea
1072 2379 1167 2441 clades
1183 2397 1250 2442 cum
1266 2381 1302 2441 ad
1317 2379 1415 2462 ipsum
1430 2381 1601 2461 Augustum

244 2478 361 2554 rediret,
383 2481 480 2560 aquila
501 2479 548 2543 illa
569 2481 720 2544 numerari
741 2501 801 2543 non
824 2483 921 2565 potuit
942 2483 1020 2545 inter
1042 2471 1131 2562 signa
1145 2501 1197 2563 per
1218 2482 1290 2544 alios
1313 2481 1402 2545 duces
1421 2483 1537 2546 amissa.
1552 2519 1602 2530 -

244 2583 402 2645 Bastarnae
428 2602 503 2665 quae
530 2604 556 2645 a.
576 2585 638 2648 695
664 2585 699 2647 ad
723 2586 831 2648 istrum
855 2586 994 2668 oppidum
1017 2606 1034 2648 a
1056 2585 1230 2667 proconsule
1252 2585 1282 2646 C.
1299 2583 1427 2648 Antonio
1449 2596 1601 2667 ceperant,

243 2687 269 2748 si
290 2706 316 2748 a.
338 2687 398 2748 725
414 2688 451 2749 ll.
467 2689 589 2751 Crassus
611 2690 806 2771 recuperarit,
829 2688 894 2769 (Dio
910 2689 960 2764 38,
985 2691 1034 2752 10.
1057 2691 1108 2766 51,
1131 2689 1195 2771 26),
1217 2689 1247 2750 id
1261 2683 1413 2770 Augustus
1433 2690 1601 2773 praeteriit.

171 3043 174 3050 Ι
263 2987 328 3030 car.
344 2970 373 3041 5,
393 2989 420 3032 ao
432 2990 458 3034 ar
485 2970 610 3032 Parthos
631 2971 720 3033 trium
745 2973 905 3034 exercitum
928 2971 993 3053 (sio)
1007 2967 1232 3050 Roman[o]lrum
1256 2971 1349 3053 spalda
1368 2983 1396 3036 ct
1416 2976 1497 3054 sipm
1516 2973 1603 3050 rald-

432 3091 459 3136 aa
486 3075 560 3151 dne]
581 3074 655 3136 mihi
676 3076 880 3157 supplicesque
895 3074 1053 3138 amicitiam
1069 3075 1169 3156 populi
1183 3074 1308 3136 Romani
1328 3074 1332 3156 Ι
1351 3083 1451 3156 petere
1473 3080 1555 3156 τοτοῖ.
1581 3079 1603 3151 5

486 3178 531 3240 lic
550 3188 646 3241 coam
665 3181 763 3261 amala
785 3181 816 3242 in
838 3179 989 3262 penetrali,
1012 3180 1091 3260 quod
1114 3179 1177 3258 e[s]t
1191 3179 1221 3240 in
1238 3179 1347 3260 templo
1362 3178 1462 3241 Martis
1477 3178 1603 3254 litoris,

432 3297 459 3342 aa
488 3284 492 3364 1
516 3280 662 3362 reposui!

291 3401 337 3443 eu.
355 3382 404 3457 16,
419 3401 459 3444 aa
491 3380 652 3466 Πάρθους
672 3386 772 3466 τριῶν
800 3379 1050 3470 στρατευμάτων
1060 3377 1240 3467 ‘Propertius
1266 3383 1370 3448 σκῦλα
1396 3383 1452 3447 καὶ
1474 3385 1603 3468 σημέας

445 3504 459 3548 a
486 3481 674 3550 duodeciens
696 3486 772 3570 ἐμοὶ
800 3485 907 3564 ἱκέτας
927 3511 963 3551 τε
985 3481 1112 3572 (τιμίαν
1137 3485 1243 3571 δήμου
1263 3483 1434 3571 Ῥωμαίων
1455 3483 1603 3560 ἀξιῶσαι

444 3607 458 3650 o
485 3584 663 3671 ἠνάγκασα.
679 3592 717 3671 [6]
735 3589 855 3667 ταύτας
872 3597 876 3677 Ι
894 3589 1004 3666 δὲτὰς
1022 3592 1145 3674 appiae
1161 3589 1196 3654 ἐν
1208 3592 1255 3672 τῷ
1270 3587 1392 3676 Ἄρεως
1405 3592 1464 3654 τοῦ
1479 3586 1603 3674 lapdo-

448 3713 461 3754 o
487 3713 582 3776 τορος
603 3695 685 3756 ναοῦ
708 3689 828 3779 ‹ildrico›
849 3692 1059 3778 ἀπεθέμην.)
1271 3691 1275 3704 '

241 3820 455 3901 Intelleguntur
476 3823 558 3903 signa
579 3824 687 3886 amissa
708 3845 725 3886 a
751 3826 855 3887 Crasso
876 3825 1070 3906 Antonioque.
1121 3825 1165 3886 Gi.
1179 3823 1312 3886 lustinus
1335 3823 1385 3899 42,
1406 3825 1436 3898 5,
1461 3824 1516 3885 11:
1537 3833 1603 3886 toto

238 3925 360 3988 Portlu'c
386 3929 492 4007 captiui
516 3947 555 3995 ec
581 3913 733 3990 censano
760 3931 818 3989 αὀο
839 3928 957 3990 Antonii
982 3929 1108 3989 ταατιῖο
1135 3927 1280 3990 recollecti
1303 3931 1437 4009 οἰφιοοοι
1465 3947 1528 3989 cem
1553 3927 1604 3990 te

242 4030 379 4092 militaria
393 4031 519 4110 tepeo
531 4037 658 4094 romine.
695 4030 795 4093 Livius
810 4051 855 4113 ep.
874 4034 949 4092 141:
971 4051 1033 4112 pasc
1047 4051 1111 4094 com
1126 4029 1332 4112 Portlrissccto
1346 4035 1486 4114 oropus
1500 4049 1603 4112 crepe

241 4152 349 4205 ταντα,
371 4153 443 4216 quoe
463 4134 516 4196 aud
534 4133 636 4198 Crasso
657 4147 684 4199 et
703 4147 802 4217 posteo
820 4137 873 4198 ned
888 4135 1007 4199 dotatio
1029 4145 1111 4216 capto
1125 4145 1217 4208 αοοε,
1238 4133 1355 4197 reddtis
1363 4134 1398 4212 ¹).
1421 4133 1602 4197 Suetonius

342 4344 365 4409 ¹)
392 4344 525 4410 Leguntur
541 4345 604 4398 haec
621 4345 685 4412 apud
698 4343 800 4396 Livium
817 4345 874 4396 loco
894 4359 942 4395 con
960 4360 1006 4394 sno
1025 4345 1056 4394 ad
1074 4357 1097 4395 a.
1111 4343 1176 4408 7443
1195 4343 1266 4394 cuius
1282 4343 1483 4410 perturbationis
1496 4359 1601 4396 eausam

243 4429 375 4498 Zumptins
394 4432 491 4494 (comm.
504 4431 581 4498 epigr.
595 4432 619 4494 2,
638 4432 680 4495 83)
698 4431 756 4482 inde
773 4431 911 4497 repetivit,
932 4431 997 4497 quod
1015 4446 1045 4482 eo
1063 4445 1128 4482 anuo
1146 4428 1269 4500 Phraates
1290 4430 1389 4482 liberos
1407 4430 1523 4496 Augusto
1541 4438 1602 4482 tra-

244 4518 355 4582 diderit,
377 4517 467 4570 Livins
489 4526 573 4572 autam
597 4518 652 4569 eiua
674 4518 824 4570 traditionis
847 4518 1022 4569 narrationem
1042 4515 1075 4569 alt
1098 4517 1179 4582 signis
1199 4517 1260 4568 olim
1278 4517 1408 4568 restitutis
1426 4533 1535 4568 exorsum
1552 4517 1602 4570 sit.

243 4605 280 4656 At
296 4604 461 4657 traditionem
483 4604 623 4654 liberorum
640 4621 689 4655 non
708 4602 905 4655 curtracum
923 4620 996 4670 sesso,
1014 4603 1058 4654 ssd
1076 4603 1163 4671 paullo
1180 4610 1240 4670 post
1257 4619 1348 4654 annum
1367 4603 1416 4654 745
1435 4603 1601 4654 οτῑοοάοιιοο

242 4689 309 4743 inira
326 4697 359 4743 ad
376 4693 401 4757 6,
418 4691 443 4743 3.
473 4689 580 4742 Omnino
599 4707 654 4741 cnm
671 4690 757 4742 desint
778 4691 902 4758 epitomae
921 4691 1045 4742 librorum
1066 4689 1122 4743 136.
1144 4689 1200 4754 137,
1218 4689 1243 4740 in
1263 4689 1353 4755 quibus
1366 4689 1536 4739 narrabantur
1552 4702 1601 4738 res

241 4787 330 4845 gesna
345 4794 392 4846 per
409 4794 432 4830 a.
445 4777 589 4842 tao-tae,
606 4777 668 4828 haec
679 4777 759 4829 verba
770 4777 829 4830 iuda
841 4779 926 4829 nescio
939 4793 987 4845 qno
1001 4791 1061 4828 casu
1074 4777 1166 4828 relicta
1179 4775 1246 4827 male
1261 4775 1431 4827 adhaeserunt
1442 4775 1473 4826 ad
1485 4789 1524 4841 ep.
1540 4775 1601 4827 111.
