3525 5417
280 310 343 373 164
760 305 792 359 Ρ.
806 303 967 363 SVLPIOII
985 303 1146 369 QVIRINII

276 485 385 548 Dionis.
429 485 554 567 Agrippa
575 485 612 546 ab
634 485 765 565 Augusto
787 507 812 546 a.
830 486 889 546 731
914 486 943 546 in
967 485 1080 567 Syriam
1104 485 1226 559 missus,
1253 487 1304 548 mo
1326 490 1422 566 specie,
1443 495 1478 548 ut
1499 486 1540 548 ait
1560 486 1622 547 Vel-

274 589 349 650 leius
365 588 393 664 2,
409 589 460 663 93,
481 593 704 652 ministeriorum
723 591 934 670 principalium,
957 609 991 651 eo
1009 589 1119 669 legatos
1134 589 1176 650 ire
1191 589 1279 652 iussit
1293 587 1360 670 (llio
1376 588 1425 663 53,
1442 587 1498 650 32:
1522 587 1622 650 ἐκεῖσε

275 690 334 773 μὲν
364 688 441 764 τούς
472 683 739 774 ὑποστρατήγους
769 689 936 776 ἔπεμψεν,
971 696 1008 754 ci.
1024 693 1196 756 Staotsrecbt
1217 693 1237 753 2
1259 714 1287 774 p.
1305 693 1386 754 1099
1409 693 1474 754 adn.
1493 691 1538 772 1),
1565 694 1623 772 ipse

276 793 361 856 Lesbi
383 795 501 871 mansit,
524 797 616 858 donec
636 815 662 858 a.
679 795 739 858 733
762 806 914 859 revocatus
941 806 986 859 est
1012 797 1136 877 urbique
1164 797 1349 877 praepositus
1372 795 1437 873 (llio
1461 797 1511 870 54,
1533 797 1565 856 5:
1593 793 1623 867 ἐς

275 897 334 981 τὴν
363 893 487 982 Ῥώμην
592 896 649 961 ἐπὶ
678 899 717 984 τῇ
745 900 802 983 τῆς
829 898 958 974 πόλεως
987 897 1186 979 διαχειρίσετ
1215 897 1365 982 ἔπεμψεν
1398 902 1434 961 ci.
1453 900 1515 974 11).
1563 899 1622 972 Ouo

275 1010 408 1082 tempore
436 1002 587 1082 Angustus
619 1021 758 1083 praesens
792 1001 922 1064 Orientis
954 1019 1001 1064 res
1031 1003 1199 1078 ordinabat,
1233 1023 1258 1064 a.
1283 1003 1343 1064 734
1374 1003 1499 1083 Agrippa
1531 1002 1622 1063 Galliis

274 1108 439 1185 praefectus
461 1105 526 1186 (Oio
549 1107 671 1180 54,11;
697 1115 772 1180 ταῖς
796 1103 974 1182 Γαλατίαις
995 1104 1226 1190 προσετάχθη)
1249 1107 1293 1168 τε1
1316 1107 1414 1187 potius
1436 1105 1526 1168 rebus
1542 1105 1622 1166 Occi-

274 1208 369 1270 dentis
388 1226 484 1289 neque
506 1210 542 1269 ad
564 1218 698 1270 senatum
721 1210 835 1272 rettulit
849 1211 887 1272 ob
902 1230 949 1272 res
965 1210 995 1272 in
1011 1210 1148 1292 Hispania
1170 1219 1267 1290 gestas
1289 1231 1315 1272 a.
1329 1209 1400 1282 735,
1423 1228 1490 1271 cum
1514 1217 1620 1289 posset,

274 1331 368 1392 neque
391 1312 541 1373 decretum
564 1311 600 1372 ab
622 1330 657 1372 eo
679 1313 863 1392 triumphum
887 1313 998 1394 accepit
1020 1313 1086 1392 (Oio
1109 1316 1242 1389 54,11).
1287 1313 1401 1375 Rursus
1424 1313 1454 1374 in
1477 1313 1621 1373 Orientem

273 1415 383 1477 missus
404 1434 430 1476 a.
447 1415 508 1476 737
538 1414 651 1496 Syriam
678 1414 749 1476 adiit
773 1415 974 1498 Hierosolyma
1003 1436 1097 1496 usque
1123 1421 1272 1498 proiectus
1301 1417 1453 1497 (losephus
1481 1416 1531 1489 16,
1547 1415 1575 1488 2,
1593 1417 1623 1486 1;

273 1518 357 1580 Philo
378 1518 432 1599 leg.
448 1519 483 1580 ad
506 1518 612 1580 Gaium
634 1516 699 1593 37),
721 1539 738 1580 a
760 1520 909 1601 triumpho
931 1528 1028 1583 antem
1059 1522 1175 1584 decreto
1197 1541 1222 1582 a.
1240 1521 1301 1581 740
1324 1520 1460 1582 similiter
1485 1519 1622 1580 abstinuit

274 1622 405 1701 (111054,
423 1620 486 1700 24).
531 1620 607 1683 Hinc
629 1621 693 1681 inre
715 1621 885 1702 colligemus
908 1623 1063 1704 Agrippam
1086 1623 1131 1684 rel
1152 1633 1219 1685 ante
1243 1623 1430 1685 tribuniciam
1452 1630 1622 1704 potestatem

273 1725 370 1787 datam
393 1743 578 1805 nequaquam
600 1724 686 1804 legati
706 1724 803 1786 locum
832 1725 1010 1800 obtinuisse,
1037 1744 1103 1786 nam
1132 1726 1244 1805 legatus
1272 1728 1308 1788 de
1335 1727 1424 1788 rebus
1453 1724 1543 1805 gestis
1568 1743 1623 1788 non

273 1829 308 1890 ad
332 1837 466 1890 senatum
490 1831 594 1902 refert,
622 1828 673 1889 sed
695 1828 864 1908 imperatori
886 1847 940 1890 sno
962 1848 1011 1889 eas
1032 1829 1195 1909 perscribit,
1223 1849 1317 1909 neque
1339 1831 1394 1892 hae
1416 1837 1509 1890 aetate
1532 1828 1579 1889 ius
1599 1827 1623 1888 ei

272 1940 318 1993 est
343 1931 543 2012 triumphandi
569 1930 797 2009 (Steotnecbtl,
818 1931 900 2012 127),
931 1951 1026 2012 neque
1056 1934 1117 2013 ipse
1143 1935 1253 2013 legatos
1276 1933 1382 1995 habere
1412 1940 1525 2013 potest,
1553 1949 1624 2010 quos

272 2044 371 2096 umen
393 2033 515 2096 Dionem
538 2034 664 2096 vidimus
685 2035 829 2115 Agrippae
854 2034 991 2097 tribuere.
1033 2035 1164 2115 Denique
1184 2037 1321 2098 universa
1335 2036 1479 2116 Agrippae
1494 2034 1624 2096 condicio

272 2137 322 2218 (ci.
340 2137 512 2218 praesertim
535 2137 588 2198 Oic
611 2137 710 2211 53,1;
734 2137 854 2220 σκηνὴν
882 2133 983 2200 ὁπότε
1010 2137 1281 2222 ουστρατεύοιντο
1304 2135 1426 2221 ὁμοίαν
1447 2139 1486 2226 τῇ
1510 2135 1625 2200 ἑαυτοῦ

273 2250 412 2322 παρεῖχε
440 2239 477 2302 τὸ
506 2263 541 2302 τε
568 2237 726 2323 σύνθημα
748 2241 825 2323 παρ’
852 2236 1047 2323 ἀμφοτέρων
1069 2243 1163 2324 σφῶν
1185 2241 1332 2323 ἐδίδοτο)
1355 2242 1480 2322 collegae
1504 2241 1625 2303 minoris

275 2345 368 2424 magis
396 2353 442 2406 est
470 2363 559 2424 quarn
587 2345 741 2416 adiutorio,
770 2345 907 2423 quodque
930 2343 1026 2406 officio
1048 2345 1181 2424 iungitur
1204 2346 1291 2407 modo
1313 2345 1343 2408 in
1366 2345 1456 2418 urbe,
1485 2345 1624 2407 modoin

275 2447 404 2522 Oriente,
427 2449 515 2509 modo
537 2447 568 2508 in
592 2446 758 2520 Occidente,
781 2447 963 2509 demonstrat
985 2447 1032 2508 ius
1054 2447 1080 2508 ei
1112 2447 1288 2529 permissum
1311 2449 1346 2510 ad
1368 2449 1536 2510 universam
1565 2465 1624 2509 rem

272 2551 433 2614 Romanam
466 2551 576 2632 pariter
608 2551 725 2631 porrigi.
748 2586 790 2595 —
812 2551 890 2612 llaec
923 2551 948 2612 si
974 2550 1013 2612 ita
1037 2570 1068 2612 se
1090 2551 1214 2626 babent,
1247 2553 1324 2614 inter
1356 2553 1505 2633 praesides
1529 2551 1625 2631 Syriae

271 2654 415 2735 Agrippae
437 2673 496 2715 non
519 2652 611 2733 magis
632 2654 715 2714 locus
736 2662 782 2715 est
803 2673 891 2733 quam
908 2653 963 2734 ipsi
978 2654 1119 2732 Augusto,
1142 2662 1172 2715 et
1193 2657 1305 2734 integra
1327 2665 1462 2737 superest
1483 2654 1624 2735 quaestio,

272 2757 392 2838 quinam
414 2757 540 2838 Agrippa
562 2759 628 2818 rivo
652 2757 751 2836 Syriae
773 2756 961 2837 praefuerint.
1005 2757 1066 2818 lam
1089 2757 1114 2819 si
1141 2755 1180 2818 ita
1202 2777 1236 2818 eo
1263 2767 1395 2838 tempore
1425 2777 1472 2819 res
1496 2757 1625 2818 Orientis

272 2860 490 2924 administratae
512 2868 591 2933 sunt,
615 2868 649 2921 ut
670 2859 726 2921 snb
753 2860 870 2923 Tiberio
899 2865 1009 2922 factum
1039 2870 1084 2922 est
1106 2859 1278 2922 Germanico
1305 2879 1373 2922 cum
1403 2861 1528 2942 imperio
1557 2880 1625 2941 pro-

271 2965 418 3026 consulari
441 2963 532 3025 misso
553 2964 590 3024 ad
611 2982 660 3025 eas
682 2963 865 3038 ordinandas,
889 2964 973 3026 Asiae
996 2973 1027 3026 et
1048 2964 1200 3045 bithyniae
1227 2973 1290 3025 tum
1319 2965 1510 3044 proconsules
1540 2984 1624 3045 prae-

272 3070 402 3142 fuerunt,
424 3068 537 3146 legatus
558 3066 682 3146 Augusti
705 3067 815 3147 Syriae,
840 3067 881 3128 ita
909 3076 942 3129 ut
970 3086 1073 3129 omnes
1093 3068 1225 3146 Augusto
1248 3066 1425 3148 Agrippaeve
1453 3067 1515 3128 sire
1541 3087 1624 3149 prae-

272 3171 405 3233 sentibus
427 3171 487 3231 sive
508 3170 679 3232 absentibus
701 3170 779 3232 dicto
800 3171 952 3232 audientes
973 3179 1081 3243 essent,
1110 3170 1168 3251 ipsi
1194 3179 1293 3232 annm
1327 3171 1373 3232 ius
1399 3170 1543 3232 baberent
1575 3189 1625 3250 per

272 3293 303 3336 se
324 3293 384 3336 non
406 3273 609 3336 imminutum.
654 3274 691 3334 At
711 3273 856 3334 eiusmodi
878 3293 978 3336 rerum
1000 3273 1171 3335 constitutio
1194 3283 1228 3336 ut
1248 3274 1279 3335 in
1298 3274 1455 3355 provinciis
1471 3273 1625 3336 senatoriis

271 3377 392 3439 omnino
408 3386 470 3439 tum
487 3377 584 3438 locum
597 3377 708 3448 babuit,
725 3378 764 3438 ita
779 3387 877 3457 partes
892 3377 1062 3457 imperatori
1077 3397 1154 3438 anno
1167 3377 1228 3438 727
1241 3377 1415 3440 commissae
1429 3395 1490 3438 non
1506 3377 1543 3438 ab
1554 3377 1625 3456 ipsis

270 3480 362 3544 initiis
383 3501 418 3544 eo
439 3481 490 3561 qui
518 3490 619 3563 postea
647 3479 855 3542 observabatur
885 3481 987 3542 ordine
1013 3479 1230 3543 administratae
1258 3481 1395 3542 videntur
1422 3499 1496 3541 esse.
1542 3481 1626 3542 Certe

270 3585 350 3663 quod
375 3586 494 3646 annales
522 3584 656 3647 scribunt
681 3601 734 3664 per
759 3582 869 3662 legatos
899 3602 968 3645 suos
990 3583 1147 3662 Agrippam
1170 3603 1216 3645 res
1241 3583 1371 3664 Syriacas
1394 3582 1625 3653 administrasse,

270 3707 286 3747 a
308 3687 478 3766 posterioris
493 3687 595 3749 aetatis
610 3687 821 3748 consuetudine
840 3686 996 3761 abhorret,
1018 3686 1104 3765 legati
1118 3687 1197 3749 enim
1213 3706 1280 3749 cum
1297 3705 1414 3768 semper
1427 3687 1479 3748 uni
1495 3695 1625 3767 pareant,

269 3791 377 3869 collega
399 3789 497 3852 minor
517 3790 668 3870 potestatis
695 3790 909 3869 proconsularis
933 3793 959 3852 si
987 3789 1038 3870 qui
1066 3797 1125 3864 est,
1159 3800 1210 3854 aut
1241 3791 1343 3870 legatis
1377 3789 1438 3851 suis
1466 3800 1547 3852 caret
1575 3798 1626 3851 aut

270 3902 348 3957 certe
374 3913 448 3975 quos
471 3893 558 3955 babet
579 3893 743 3974 provincias
765 3913 826 3955 non
855 3893 1076 3967 administrant,
1104 3893 1156 3954 sed
1183 3903 1282 3956 manet
1311 3893 1529 3974 provinciarum
1553 3891 1625 3954 Gae-

270 3997 449 4059 sarianarum
483 3996 697 4058 administratio
729 3999 807 4079 apud
839 3999 949 4077 legatos
983 3997 1107 4076 collegae
1141 3995 1269 4058 maioris.
1324 3995 1357 4055 ld
1388 3995 1486 4075 ipsum
1520 4004 1625 4057 natum

269 4105 392 4162 fortasse
419 4119 453 4162 er
477 4099 587 4162 Tiberii
614 4108 715 4162 contra
742 4099 948 4162 Germanicum
975 4098 1083 4160 invidia
1105 4098 1165 4182 ¹bac
1191 4106 1283 4160 aetate
1312 4116 1373 4159 non
1401 4097 1518 4160 videtur
1544 4097 1625 4159 obti-

269 4205 384 4279 nuisse,
412 4205 462 4266 sed
484 4204 610 4285 Agrippa
632 4223 700 4266 cum
723 4205 753 4265 in
776 4203 896 4264 Oriente
920 4211 983 4264 tum
1012 4201 1043 4263 in
1065 4201 1222 4264 Occidente
1249 4201 1289 4263 ita
1319 4219 1366 4262 res
1392 4199 1624 4272 administrasse,

270 4317 303 4370 ut
324 4309 473 4388 Augustus
494 4308 526 4369 in
547 4307 644 4369 locum
665 4309 825 4387 legatorum
842 4325 878 4367 ex
893 4324 968 4368 noro
984 4305 1088 4367 ordine
1101 4305 1306 4368 institutorum
1322 4303 1460 4383 collegam
1477 4303 1623 4365 minorem

269 4411 407 4474 mitteret.
446 4412 490 4474 lta
515 4411 700 4492 aliquatenus
725 4420 890 4483 excusatur,
913 4410 992 4489 quod
1017 4409 1159 4489 Iosephus
1186 4409 1213 4470 ei
1238 4407 1435 4490 praesidatum
1463 4407 1625 4469 decennem

268 4515 484 4596 provinciarum
508 4528 589 4578 trans
614 4513 730 4575 lonium
753 4532 832 4575 mare
856 4511 966 4587 tribuit,
1001 4522 1030 4575 et
1052 4513 1220 4594 explicatur,
1254 4513 1332 4592 quod
1365 4529 1418 4591 per
1444 4510 1499 4572 hos
1531 4528 1624 4572 annos

268 4618 316 4679 rix
348 4621 400 4681 ulli
431 4620 517 4700 legati
550 4617 750 4680 nominantur.
803 4615 877 4677 Nam
909 4617 949 4677 ita
982 4616 1109 4696 Augusti
1144 4616 1230 4696 legati
1263 4615 1362 4696 Syriae
1394 4613 1468 4676 nulli
1504 4617 1624 4676 inerunt

268 4740 321 4802 per
342 4742 367 4783 a.
392 4722 559 4785 731-733
582 4731 612 4784 et
635 4721 815 4795 737-741,
844 4723 969 4782 tortasse
997 4738 1057 4781 non
1085 4719 1178 4799 magis
1205 4737 1258 4800 per
1284 4738 1308 4780 a.
1327 4717 1398 4779 734.
1416 4716 1477 4778 735
1500 4717 1563 4798 ipso
1588 4715 1620 4776 in
