3525 5417
255 275 297 338 64
839 265 893 334 ΙΠ,
913 267 1018 323 22-28

253 452 391 531 adempto
412 447 541 530 pretium
563 447 611 508 vir
633 447 753 519 iustum,
776 446 892 527 aliquod
909 455 1007 510 tamen
1023 447 1171 509 veteribus
1186 448 1406 527 possessoribus
1421 452 1612 530 persolveret.

253 552 426 616 Pervenisse
448 550 597 632 impensas
619 549 654 611 ad
677 550 793 613 sexiens
807 550 924 613 miliens
939 551 1002 632 ipse
1018 551 1137 627 scribit;
1160 569 1227 614 cave
1248 561 1345 615 autem
1362 555 1466 617 collato
1483 556 1613 619 militum

254 667 470 729 veteranorum,
492 653 544 734 qui
567 653 744 735 triumphale
765 653 948 734 congiarium
972 665 1157 744 acceperunt,
1179 675 1304 718 numero
1327 677 1382 719 cnr
1404 658 1520 722 milium
1545 661 1614 722 inde

253 762 362 823 ellicias
384 759 475 821 reteri
496 757 659 839 possessori
680 777 734 838 pro
756 759 879 839 singulis
903 759 1148 840 possessionibus,
1171 781 1246 842 quae
1266 761 1468 826 adimerentur
1482 775 1513 826 et
1528 766 1615 828 militi

253 861 486 944 adsignarentur,
509 862 657 943 persoluta
679 880 745 924 esse
767 861 858 941 quina
879 863 959 925 milia
975 863 1154 926 sestertium.
1185 865 1259 928 Nam
1282 885 1336 928 cxx
1351 867 1430 929 milia
1446 868 1613 942 bominum,

253 967 363 1050 quibus
384 969 414 1029 in
431 987 485 1029 suo
501 967 607 1046 cuique
622 966 728 1046 oppido
743 966 957 1030 numerabatur
972 987 995 1030 a.
1015 969 1075 1030 725
1092 969 1269 1050 triumphale
1288 965 1485 1051 congiarium
1503 972 1615 1034 milites

254 1079 326 1134 sunt
339 1070 458 1134 victoris
480 1070 626 1133 exereitus
648 1088 752 1132 omnes
774 1080 890 1150 praeter
905 1073 1074 1153 peregrinos
1089 1092 1198 1153 eosque
1213 1074 1264 1154 qui
1279 1075 1433 1137 etiamtum
1449 1076 1505 1137 sub
1521 1077 1614 1156 signis

254 1175 414 1238 merebant.
452 1175 506 1236 llic
528 1193 597 1236 vero
618 1174 686 1236 inde
708 1175 872 1238 deducendi
895 1187 964 1239 sunt
987 1177 1094 1239 milites
1110 1196 1272 1258 paucorum
1289 1178 1514 1259 stipendiorum,
1537 1199 1615 1261 quos

253 1279 307 1341 Dio
336 1279 438 1342 scribit
465 1298 525 1341 non
547 1296 649 1359 agrum
672 1278 835 1359 accepisse,
857 1280 908 1341 sed
932 1280 1101 1361 pecuniam3
1128 1289 1277 1361 praeterea
1299 1282 1375 1362 parti
1397 1302 1615 1363 possessorum,

255 1385 367 1446 scilicet
395 1383 432 1444 iis
459 1383 511 1463 qui
540 1381 665 1462 graviter
690 1381 888 1456 offenderant,
918 1384 981 1445 sine
1003 1383 1093 1446 dubio
1116 1384 1244 1465 pretium
1267 1385 1381 1448 nullum
1405 1386 1536 1448 solutum
1559 1397 1615 1458 est,

254 1488 332 1569 parti
353 1507 407 1569 pro
430 1487 506 1567 agris
527 1486 636 1549 Italicis
657 1486 765 1548 redditi
786 1488 988 1567 provinciales,
1011 1497 1045 1550 ut
1067 1507 1184 1550 summa
1205 1488 1354 1568 aliquanto
1377 1489 1470 1551 maior
1492 1489 1527 1550 ad
1544 1509 1615 1569 pos-

255 1611 386 1655 sessores
408 1600 540 1653 extorres
562 1589 730 1672 perveuisse
752 1590 894 1654 videatur.
933 1594 1073 1673 Spectant
1093 1600 1192 1654 summ
1216 1592 1337 1653 omnino
1360 1593 1396 1655 ad
1419 1593 1494 1653 banc
1509 1610 1616 1654 neces-

255 1697 361 1758 sariam
384 1694 467 1775 quasi
488 1693 575 1777 pretii
598 1693 775 1755 solutionem
797 1715 872 1775 quae
888 1695 941 1758 Dio
963 1695 1077 1758 rettulit
1091 1696 1126 1758 de
1142 1695 1281 1774 pecuniae
1297 1714 1351 1776 pro
1366 1695 1443 1775 agris
1457 1715 1473 1757 a
1490 1695 1614 1758 Caesare

253 1798 506 1880 pemumerandae
529 1815 646 1860 summa
668 1805 699 1858 et
720 1799 893 1861 necessitate
916 1809 944 1862 et
966 1799 1147 1862 difficultate.

355 1901 566 1964 Deductionem
596 1909 802 1963 veteranorum
832 1903 1018 1966 Actiacorum
1047 1924 1072 1966 a.
1090 1903 1153 1963 724
1180 1902 1221 1965 ita
1247 1906 1352 1965 laetam
1377 1921 1455 1978 esse,
1483 1911 1517 1964 ut
1538 1920 1615 1981 quae

255 2005 365 2088 oppida
386 2005 423 2067 iis
446 2005 645 2077 tradebantur,
668 2003 746 2066 iuter
766 2006 895 2068 colonias
910 2007 998 2070 Iulias
1020 2009 1231 2088 redigerentur,
1254 2017 1284 2068 et
1298 2017 1432 2070 auctores
1447 2006 1615 2086 significant

255 2122 286 2175 et
305 2111 460 2174 confirmat
481 2110 544 2191 ipse
566 2109 702 2190 princeps
724 2127 759 2170 eo
781 2108 860 2188 quod
882 2109 912 2182 3,
938 2112 975 2171 17
1000 2110 1176 2191 triumphale
1192 2111 1372 2190 congiarium
1389 2130 1414 2173 a.
1432 2109 1493 2172 725
1509 2111 1615 2172 scribit

254 2215 399 2296 accepisse
425 2219 457 2277 isa
486 2213 603 2277 coloniis
628 2211 751 2274 mititem
775 2230 895 2275 mosum
921 2213 1077 2276 hominum
1105 2213 1221 2276 circiter
1247 2233 1300 2276 cxx
1327 2214 1424 2290 milia3
1451 2233 1520 2277 nam
1543 2233 1614 2276 cum

254 2318 301 2379 bis
323 2317 419 2381 verbis
442 2315 572 2380 veterani
594 2315 712 2378 victoris
734 2315 879 2377 exercitus
903 2335 1006 2378 ornnes
1028 2317 1325 2398 comprehendantur,
1353 2319 1420 2380 inde
1443 2317 1507 2380 iure
1530 2319 1614 2380 colli-

254 2421 332 2502 gitur
361 2421 393 2482 in
422 2418 591 2500 municipiis
617 2427 669 2480 aut
697 2418 794 2480 nullos
816 2420 908 2481 luisse
931 2419 1043 2482 autito
1066 2439 1188 2500 paucos,
1216 2431 1249 2484 ut
1270 2431 1349 2484 recte
1371 2423 1614 2503 praeterirentur.

253 2524 292 2586 m
313 2523 380 2586 inde
402 2543 441 2585 ne
462 2522 573 2584 ellicias
595 2520 771 2601 oppidorum
794 2540 896 2585 eorum
919 2533 1031 2586 veteres
1054 2523 1132 2586 cives
1147 2543 1250 2587 omnes
1265 2527 1402 2608 expulsos
1417 2545 1491 2601 esse,
1515 2526 1614 2588 obstat

255 2635 285 2690 et
306 2645 407 2689 rerum
429 2627 505 2688 ratio
526 2634 557 2687 et
571 2624 677 2706 Hygini
698 2624 780 2687 locus
802 2645 891 2709 supra
912 2627 1035 2700 adlatus,
1059 2627 1208 2691 declarans
1230 2629 1261 2691 in
1285 2629 1385 2692 multis
1401 2629 1515 2710 oppidis
1531 2639 1613 2690 vete-

253 2750 321 2794 rum
345 2731 451 2794 civium
474 2738 587 2811 partem
610 2729 795 2803 remansisse,
819 2739 853 2792 ut
874 2749 949 2792 nova
964 2731 1006 2792 rei
1021 2732 1154 2811 publicae
1168 2733 1262 2794 lorma'
1277 2753 1327 2794 eos
1342 2752 1460 2814 quoque
1476 2750 1613 2812 compre-

254 2835 405 2898 henderet.
442 2833 528 2907 Quod
549 2841 648 2894 autem
671 2832 774 2897 scribit
788 2833 938 2912 Augustus
961 2836 1115 2916 pecuniam
1139 2856 1192 2917 pro
1214 2836 1290 2917 agris
1312 2836 1434 2899 solvisse
1456 2855 1488 2898 se
1510 2835 1613 2897 muni-

254 2937 354 3020 cipiis,
376 2946 455 3000 recte
477 2957 510 2999 se
532 2936 634 3011 babet,
663 2936 787 2997 dabatur
808 2937 887 2998 enim
911 2939 1059 3002 veteribus
1089 2939 1178 3002 rebus
1200 2939 1333 3020 publicis,
1357 2947 1391 3002 ut
1412 2939 1475 3001 suis
1497 2939 1612 3001 civibus

254 3061 307 3123 per
334 3059 398 3104 eam
429 3040 600 3112 satisfieret,
627 3039 867 3122 coloniarumque
896 3043 1067 3106 constitutio
1094 3043 1235 3125 pecuniae
1262 3044 1407 3106 dationem
1437 3063 1497 3105 non
1524 3063 1613 3124 prae-

254 3145 352 3221 cessit,
375 3145 427 3207 sed
448 3153 548 3206 secuta
570 3151 624 3205 est

356 3248 398 3310 De
425 3248 516 3310 altera
543 3267 575 3308 re
597 3247 655 3308 boc
674 3247 738 3310 loco
761 3249 866 3312 tradita
888 3269 980 3331 pauca
1004 3260 1117 3314 mutum
1141 3250 1262 3312 dicenda
1285 3249 1416 3313 veniunt.
1460 3250 1613 3330 Augustus

255 3354 292 3417 ab
314 3373 340 3416 a.
358 3352 419 3416 738
441 3353 477 3416 ad
501 3354 560 3413 741
585 3371 654 3414 cum
676 3348 746 3416 alias
767 3373 815 3417 res
837 3374 891 3435 per
913 3355 1018 3418 Callias
1041 3365 1071 3418 et
1086 3355 1239 3436 Hispanias
1262 3354 1415 3428 ordinavit,
1439 3363 1502 3418 tum
1520 3353 1613 3416 llione

253 3579 344 3640 αὐτοῖς
360 3579 464 3634 ἔδωκεν.
493 3573 587 3643 ἐπειδὴ
604 3571 657 3648 γὰρ
676 3572 725 3627 οὐκ
741 3571 883 3646 ἐξήρκεσεν
900 3572 916 3642 ἡ
934 3575 964 3630 ἐν
980 3576 1017 3645 soi
1035 3574 1161 3647 δημοσίῳ
1177 3569 1378 3644 batestaniae,
1396 3577 1614 3649 προοεξεπρλατο

252 3664 337 3734 ἄλλην,
350 3684 380 3720 τε
397 3667 444 3719 acl
461 3667 538 3736 παρὰ
556 3662 721 3732 Καμπανῶν
737 3665 790 3716 τῶν
807 3663 837 3716 ἐν
851 3667 885 3736 τῇ
903 3657 1004 3734 Καπύῃ
1023 3657 1169 3716 electivum
1187 3659 1292 3734 συχνὴν
1309 3663 1363 3727 (καὶ
1380 3661 1435 3736 γὰρ
1456 3663 1580 3717 ἐποίκων
1596 3661 1613 3729 ἡ

252 3748 335 3814 πόλις
351 3755 461 3807 πολλῶν
482 3751 576 3814 ἐδεῖτο)
594 3751 640 3802 καὶ
657 3743 751 3809 αὐτοῖς
766 3748 797 3804 τό
815 3769 842 3804 se
859 3746 935 3823 ἵδωρ
953 3751 983 3804 τὸ
998 3744 1114 3803 Ἰούλιον
1131 3745 1368 3822 ὠνομασμένον..
1382 3787 1388 3802 .
1402 3747 1453 3818 τήν
1473 3767 1501 3802 sa
1514 3744 1615 3822 χώραν

252 3839 303 3908 τὴν
318 3832 662 3894 Κνωσίαν...ἇντέδωκε.
688 3837 842 3907 ταῦταμὲν
859 3833 909 3892 οὖν
920 3835 1033 3910 ὕστερον
1044 3837 1155 3906 ἐγένετο.
1183 3838 1240 3889 lntle
1254 3839 1488 3890 enimbootautum
1501 3835 1615 3888 allicitur

253 3930 278 3980 iu
297 3927 412 3991 urbibus,
431 3942 536 3995 gnarum
554 3927 688 3978 territoria
705 3926 815 3978 tresviri
832 3926 959 3978 militibus
979 3925 1140 3978 destinabant
1158 3933 1183 3976 et
1195 3941 1300 3992 quarum
1313 3941 1326 3978 s
1340 3940 1444 3976 numero
1457 3925 1542 3991 Cepna
1553 3922 1614 3987 luit,

254 4032 305 4067 non
323 4030 409 4067 omnes
427 4014 536 4065 omnium
555 4029 631 4078 agros
650 4013 757 4078 exlege
776 4013 807 4063 (le
825 4029 853 4064 ea
872 4029 901 4065 re
919 4013 971 4064 late
989 4013 1115 4080 publicari
1132 4012 1261 4080 potuisse:
1280 4012 1338 4079 quid
1357 4012 1422 4080 quod
1440 4020 1490 4063 tarn
1507 4019 1614 4078 propter

254 4103 433 4155 Caesarianam
451 4109 478 4154 et
495 4101 665 4155 Antonianum
683 4101 831 4154 colonorum
843 4101 1025 4167 Campanorum
1044 4101 1220 4152 deductionem
1238 4113 1311 4165 quem
1325 4105 1429 4166 propter·
1441 4112 1516 4164 snpra
1530 4097 1613 4148 relata

237 4182 240 4187 ’
253 4191 333 4242 verba
350 4189 442 4240 Diouis
460 4205 508 4238 noa
527 4187 642 4241 absimls
661 4197 703 4240 ost
719 4190 778 4240 veri
791 4186 891 4254 Cepuae
910 4186 979 4238 solos
992 4201 1068 4252 agros
1080 4204 1129 4237 non
1142 4194 1217 4238 antee
1229 4186 1376 4249 adsignatos
1389 4184 1521 4237 veteranis
1533 4185 1615 4236 desti·

253 4284 326 4328 natos
355 4291 420 4328 esse.
468 4275 581 4341 Denique
608 4275 767 4327 durissimam
795 4274 878 4338 legem
904 4290 919 4325 a
947 4275 1057 4326 Caesare
1085 4274 1245 4340 aliquatenus
1275 4272 1415 4336 mitigatam
1446 4286 1504 4323 esse
1535 4287 1614 4336 egro-

253 4380 308 4416 rum
327 4361 520 4414 dividendorum
538 4369 611 4428 perte
630 4369 746 4429 coempta
762 4361 837 4427 plene
854 4361 983 4412 diversum
997 4369 1063 4412 esta
1076 4361 1215 4412 substitute
1229 4357 1395 4426 publicationi
1408 4358 1556 4410 venditione
1570 4375 1615 4408 co·

253 4455 321 4500 acta.
357 4447 475 4499 Ceterum
492 4448 558 4514 quod
576 4454 665 4498 censet
682 4447 807 4512 lterglius
827 4449 976 4515 emptionem
995 4448 1067 4499 illam
1085 4449 1142 4510 agri
1160 4447 1279 4513 Campani
1298 4447 1340 4498 vel
1358 4453 1428 4498 certe
1446 4445 1524 4512 pretii
1542 4446 1616 4496 solu-

253 4536 348 4586 tionem
366 4549 431 4584 auuo
451 4535 547 4584 demum
566 4533 615 4584 'tta
633 4535 761 4599 evenisse,
778 4535 837 4585 inde
855 4543 926 4586 certe
945 4551 994 4586 non
1012 4535 1137 4600 colligere
1156 4533 1252 4596 debuit,
1270 4533 1335 4600 qnod
1354 4533 1380 4584 in
1398 4533 1500 4583 Cretam
1517 4546 1542 4583 a.
1561 4531 1613 4584 trs

254 4621 359 4673 Caesari
377 4621 417 4671 ins
436 4638 484 4673 uon
503 4619 562 4686 luit,
580 4619 675 4672 oblitus
694 4622 736 4685 agi
757 4622 879 4672 hocloco
897 4622 929 4673 de
947 4622 1123 4686 adsignatione
1141 4620 1297 4673 triumvirali
1315 4627 1341 4671 et
1358 4635 1388 4668 eo
1406 4627 1519 4686 ternpore
1538 4621 1610 4670 iuter

253 4709 392 4762 Antonium
411 4716 437 4760 et
455 4709 588 4761 Caesarem
606 4709 717 4775 aliquem
734 4707 814 4760 adbuc
833 4709 995 4760 concordiam
1013 4709 1156 4761 duravisse.
