3525 5417
799 324 1068 381 ADDITAMENTA

326 501 495 574 Λυσιμάχου
517 506 603 568 (immo
625 508 781 570 Λυσανίου)
797 506 848 570 ,τῆς
868 505 898 558 dr
919 508 1009 573 Συρίᾳ
1027 503 1165 563 Χαλκίδος
1186 505 1316 571 βασιλέως
1339 503 1457 573 Μᾶρκος
1470 501 1619 560 Ἀντώνιος

327 589 342 643 ὁ
366 587 535 663 αὐτοκράτωρ
557 584 607 656 τήν
628 607 656 642 τε
673 588 797 642 Χαλκίδα
818 592 865 643 καὶ
887 588 951 649 τούς
972 592 1035 661 περὶ
1053 585 1137 656 αὐτὴν
1154 588 1255 648 τόπους
1270 591 1413 662 παρέδωκε
1430 594 1463 663 τῇ
1482 586 1620 644 Κλεοπά-

326 694 376 748 τρᾳ
397 680 443 729 καὶ
460 673 516 728 ἀπὸ
534 675 611 729 τοῦδε
628 678 673 726 sul
690 673 722 727 τὰ
739 675 841 730 τούτων
858 671 955 750 ὕστερα
972 677 1016 742 ἔτη
1094 673 1161 728 κατὰ
1180 673 1229 728 τὸν
1245 675 1328 731 αὑτὸν
1345 674 1452 745 τρόπον
1462 681 1621 746 προστιθε-

325 765 410 833 μένου
432 763 481 815 τοῦ
503 761 625 835 ἀριθμοῦ
646 758 788 834 ἐγράφετο.
823 763 849 815 ld
872 765 955 830 ipsum
975 770 1134 814 monumenta
1158 763 1309 815 conlirmant
1327 765 1465 829 (Lctrouue
1483 768 1561 817 beser.
1582 763 1620 814 de

325 849 440 918 dEgppte
458 851 472 900 2
493 867 514 916 p.
528 850 580 914 90).

258 936 290 985 ed
306 952 331 1002 p.
346 937 401 988 119.
430 937 536 988 Dissard
556 944 642 988 custus
655 937 735 987 musei
748 936 923 999 Lugdunensis
941 936 1029 987 docuit
1044 950 1084 987 me
1101 932 1138 1001 (v.
1150 935 1261 1003 epistula
1279 936 1335 987 cius
1347 936 1377 988 ed
1390 937 1528 987 Allmcrum
1540 935 1621 986 edita

325 1023 351 1073 in
371 1024 463 1074 Salletl
487 1024 647 1091 ephemeride
671 1023 843 1075 numismatica
866 1024 919 1074 vol.
935 1026 962 1076 11
985 1039 1006 1088 p.
1022 1023 1079 1086 let)
1103 1037 1216 1073 nummos
1233 1021 1386 1074 Ruscinonis
1408 1025 1451 1089 qni
1472 1025 1619 1074 creduntur

325 1110 410 1161 nullos
438 1125 494 1160 esse
522 1117 549 1161 ct
572 1126 615 1175 pro
639 1109 807 1176 inscriptione
828 1125 891 1174 quae
913 1107 997 1159 lentur
1020 1119 1080 1162 cot.
1098 1119 1154 1161 ltvs
1173 1119 1228 1160 LEG
1246 1121 1276 1161 vi
1301 1125 1363 1161 vere
1385 1110 1411 1160 iu
1435 1124 1532 1159 nummo
1554 1108 1619 1169 legi

324 1207 541 1261 r·erucr1tvs
559 1206 668 1257 vvrvs,
687 1197 752 1262 qnod
771 1211 828 1247 esse
846 1195 934 1247 debuit
951 1205 1307 1260 r·errrcrrrrvs·vurvs.

257 1283 287 1332 ad
307 1298 329 1349 p.
345 1285 400 1334 119.
428 1281 491 1333 Puto
517 1289 740 1348 temperamentum
766 1266 897 1334 invenisse
924 1295 974 1344 me,
1004 1297 1052 1347 quo
1076 1281 1227 1332 concilietur
1248 1282 1385 1334 verborum
1407 1282 1516 1346 Augusti
1538 1281 1616 1331 insta

323 1368 504 1436 interpretatio
531 1384 585 1418 cum
610 1383 696 1419 rerum
718 1368 916 1434 probabilitate3
940 1383 996 1419 nam
1020 1373 1049 1417 ut
1072 1367 1160 1431 negari
1185 1384 1235 1417 non
1257 1375 1342 1434 potent
1364 1375 1471 1434 utreque
1488 1367 1616 1432 lliepania

324 1455 465 1520 significari
483 1455 629 1506 citeriorem
647 1462 673 1505 et
691 1455 841 1506 ulteriorem
860 1456 956 1508 literne
974 1455 1012 1504 rei
1030 1452 1155 1520 publicae,
1173 1455 1210 1505 ite
1228 1469 1315 1519 parum
1333 1455 1464 1521 probabile
1483 1455 1616 1505 Baeticam

324 1556 339 1590 e
359 1541 492 1592 Lusitania
509 1548 653 1607 separatam
670 1555 727 1592 esse
746 1541 772 1591 in
791 1541 865 1593 brevi
884 1541 1025 1592 intervallo
1043 1539 1109 1606 quod
1126 1539 1276 1590 intercessit
1294 1540 1364 1590 inter
1380 1549 1485 1592 mortem
1497 1542 1616 1605 Augusti

326 1635 351 1677 et
375 1628 400 1678 id
424 1626 521 1694 [empus
545 1644 593 1694 quc
616 1627 708 1678 Strabo
731 1627 917 1694 geographiam·
932 1643 1002 1679 suam
1024 1625 1146 1677 absolvit.
1189 1625 1263 1676 Nihil
1286 1633 1370 1678 autem
1393 1628 1497 1693 impedit
1516 1629 1616 1693 opinor

325 1714 456 1778 quominus
478 1715 625 1780 provinciae
650 1714 743 1765 divisio
767 1713 886 1765 evenerit
903 1720 959 1780 poet
978 1711 1094 1762 colonias
1112 1712 1143 1761 ab
1161 1711 1275 1776 Augusto
1292 1712 1319 1763 iu
1338 1712 1459 1780 Hispania
1477 1714 1616 1779 deductas,

323 1800 455 1866 potuitque
477 1801 596 1866 princeps
615 1800 659 1850 ubi
677 1801 708 1850 de
726 1800 761 1851 iis
774 1801 852 1852 verba
865 1799 929 1851 lacit
940 1807 1034 1851 statum
1048 1797 1238 1865 provinciarum
1250 1799 1326 1849 talem
1340 1813 1441 1865 ponere,
1459 1799 1540 1866 qualis
1557 1797 1616 1850 luit

324 1901 372 1936 nou
391 1901 446 1936 cum
464 1886 594 1938 scribebat
611 1887 657 1937 scd
675 1901 730 1938 cum
748 1886 944 1938 deducebantur.

257 1972 287 2023 ud
306 1988 329 2038 p.
345 1972 401 2022 122.
427 1971 547 2024 Coloniae
565 1987 580 2023 a
598 1973 743 2034 triumuiris
761 1973 885 2024 deductae
902 1988 950 2048 quo
969 1970 1093 2022 vocabulo
1111 1968 1235 2036 quibusve
1252 1972 1385 2022 vocabulis
1401 1971 1542 2038 appellatae
1554 1971 1618 2022 sint

323 2065 381 2109 ente
401 2059 538 2109 Antonium
562 2059 703 2124 devictum,
724 2057 814 2110 ltalice
831 2065 992 2109 monumenta
1009 2073 1055 2109 nec
1073 2057 1215 2106 docuerunt
1232 2058 1313 2108 adbuc
1331 2072 1410 2124 neque
1427 2056 1502 2108 facile
1519 2064 1616 2122 postea

324 2143 462 2208 docebunt3
482 2160 594 2195 nummos
613 2144 679 2194 enim
697 2161 741 2197 cae
758 2159 808 2195 non
827 2146 952 2196 cuderunt
963 2160 1043 2211 neque
1058 2143 1207 2210 sperandum
1221 2151 1261 2194 est
1271 2143 1364 2195 titulos
1376 2145 1444 2195 intra
1455 2159 1533 2194 anuos
1546 2143 1612 2193 illue

324 2230 483 2296 perscriptos
506 2231 634 2299 proditum
661 2231 695 2283 iri
716 2232 826 2284 alicuius
844 2247 930 2284 oerum
949 2232 1051 2297 plenum
1069 2243 1158 2279 nemea
1177 2230 1346 2280 enuntiantes.
1383 2229 1433 2281 Sed
1451 2230 1514 2296 quod
1532 2229 1615 2281 ltalia

324 2330 370 2366 uec
393 2316 465 2369 dedit
487 2333 533 2368 nec
546 2313 637 2382 dabit,
663 2317 774 2369 fortusse
795 2319 940 2384 suppeditat
955 2316 1120 2380 Macedonia,
1147 2332 1203 2367 nem
1221 2315 1352 2383 Philippus
1369 2333 1425 2367 cum
1443 2317 1545 2367 colenus
1564 2318 1618 2365 de-

322 2402 412 2453 ductos
436 2418 493 2454 esse
511 2411 569 2470 poet
586 2404 711 2470 proelium
729 2404 766 2455 ibi
785 2405 943 2455 commissum
961 2420 984 2454 e.
997 2404 1046 2453 712
1059 2403 1150 2454 Strabo
1170 2403 1185 2453 'l
1202 2399 1233 2452 lr.
1247 2402 1279 2452 41
1299 2403 1405 2453 disertis
1423 2418 1502 2470 paene
1516 2401 1616 2453 verbis

323 2488 429 2552 scribat,
448 2490 503 2541 eins
522 2489 637 2541 coloniae
656 2505 734 2557 nuper
754 2491 846 2542 nummi
862 2491 984 2542 videntur
1001 2488 1094 2555 prolati
1112 2503 1169 2539 csse
1187 2488 1243 2539 cusi
1261 2497 1320 2539 ante
1332 2489 1456 2555 proelium
1467 2487 1616 2540 Actiacum.

323 2575 429 2626 Scilicet
452 2584 555 2642 praeter
579 2592 631 2641 ecs,
654 2577 745 2642 quibus
763 2579 911 2644 inscriptum
929 2584 970 2627 eet
985 2577 1029 2626 cot
1042 2574 1173 2642 Aug.1ul.
1187 2572 1289 2643 Puibp,
1308 2577 1467 2657 posteriores
1485 2575 1618 2625 videlicet

322 2675 387 2711 annu
408 2661 470 2725 727,
492 2677 541 2728 qun
567 2662 662 2714 Caesar
678 2663 788 2728 Augusti
811 2679 899 2715 numen
922 2664 1075 2730 adsumpsit,
1099 2663 1217 2727 egregius
1241 2661 1430 2712 numismatibus
1454 2661 1482 2711 F.
1500 2659 1618 2711 imbuet-

322 2746 424 2798 Blumer
443 2749 584 2810 (mannaim
608 2747 739 2815 Greeqoee.
770 2749 967 2802 lustelaedemi
992 2749 1067 2802 1883.
1092 2765 1116 2816 p.
1135 2748 1196 2814 253)
1221 2748 1252 2798 ad
1280 2748 1384 2798 eandem
1409 2763 1462 2798 rem
1484 2747 1615 2813 publicam

322 2833 457 2885 revocavit
476 2849 588 2885 nummos
606 2834 728 2887 babentes
746 2837 772 2887 iu
785 2837 870 2887 antica
882 2843 928 2888 ant
939 2843 1015 2902 caput
1027 2835 1135 2887 Antonii
1147 2841 1193 2884 aut
1204 2840 1280 2900 caput
1290 2833 1416 2884 muliebre
1427 2841 1472 2884 aut
1483 2831 1615 2900 praeieri-

323 2919 406 2970 culum
424 2927 469 2971 aut
486 2936 573 2988 aprum
590 2921 727 2988 adscriptis
746 2920 844 2972 litteris
863 2922 997 2990 dispositis
1015 2922 1062 2983 sic,
1080 2922 1126 2972 sed
1138 2927 1168 2972 ut
1179 2920 1267 2986 quinta
1278 2918 1350 2970 modo
1363 2919 1432 2971 adsit
1442 2919 1515 2970 medo
1527 2919 1615 2970 absit:

866 3022 887 3062 Α
989 3021 997 3060 Ι

865 3106 885 3148 C
985 3107 1006 3144 V

922 3193 938 3233 P

322 3265 348 3316 in
370 3267 469 3333 poetica
491 3266 608 3317 colunum
630 3271 743 3317 arautem
766 3268 808 3318 vel
830 3273 944 3318 aratrum
963 3267 1005 3318 vel
1022 3265 1200 3331 magistratum
1219 3272 1331 3330 togatum
1350 3266 1479 3317 sedentem
1498 3266 1523 3317 in
1543 3265 1616 3316 sella

322 3353 406 3404 curuli
429 3354 566 3420 adscriptis
589 3353 677 3405 verbis
696 3362 1119 3418 QPAQyivs·RVF·LEG·c·D,
1141 3353 1215 3401 modo
1239 3351 1290 3415 sic,
1313 3352 1386 3401 modo
1409 3352 1534 3404 vocabule
1553 3363 1614 3417 Lm

321 3440 457 3506 separatim
476 3439 628 3507 perscripto.
660 3437 759 3489 Prioris
777 3439 955 3506 inscriptionis
973 3439 1056 3490 tribus
1074 3438 1172 3489 litteris
1190 3438 1314 3488 extremis
1332 3438 1474 3501 significari
1485 3435 1616 3489 colonium

322 3528 448 3576 uictricem
468 3527 598 3596 Philippus
615 3525 749 3577 lmhoulius
767 3527 872 3590 statuit,
896 3533 968 3577 recte
987 3525 1097 3589 omnino,
1116 3539 1172 3574 cum
1190 3513 1308 3574 victr'icie
1326 3524 1463 3589 appellatio
1481 3524 1615 3591 Philippo-

321 3626 376 3661 rum
399 3609 550 3662 delendutur
574 3628 622 3662 non
645 3618 696 3662 tam
718 3611 796 3661 titulo
819 3612 1044 3678 interpretationis
1066 3625 1152 3677 perum
1177 3616 1262 3659 certae
1285 3607 1312 3659 C.
1330 3609 1348 3660 1.
1365 3609 1394 3661 b.
1413 3608 1452 3672 ΙΙΙ,
1470 3611 1519 3660 660
1537 3625 1614 3675 qum

322 3713 418 3748 nummo
437 3699 517 3748 musei
530 3698 678 3762 Margaritis
696 3713 776 3762 uuper
795 3698 864 3748 edito
876 3695 960 3749 Rebus
976 3698 1175 3762 nummeuuie'que
1191 3695 1260 3747 N.-S.
1276 3695 1307 3746 te
1320 3696 1510 3761 (leti-1877)
1523 3712 1547 3762 p.
1560 3696 1615 3748 140

322 3781 374 3832 tab.
390 3783 420 3833 16
433 3800 456 3834 ο.
472 3786 512 3849 15,
531 3785 603 3835 cuius
615 3783 699 3836 entica
712 3783 788 3834 hebet
800 3794 852 3837 V1c
864 3800 941 3850 supra
952 3800 1011 3835 aras
1024 3784 1086 3834 duas
1098 3781 1177 3847 (iulra
1190 3781 1303 3848 scriptae
1315 3780 1421 3832 litterae
1433 3784 1615 3845 evanuerunt),

322 3868 420 3935 postica
445 3877 559 3921 aratrum
585 3870 722 3938 adscriptis
747 3871 878 3921 vocabulis
902 3881 963 3925 cot.
986 3881 1059 3923 iiiii.
1097 3869 1167 3934 Quae
1186 3869 1340 3933 praecedunt
1356 3869 1420 3919 dnae
1438 3869 1542 3919 litterae
1560 3879 1580 3918 Α
1603 3879 1614 3918 1

322 3970 375 4005 cum
394 3953 486 4006 multas
505 3962 532 4005 et
549 3956 637 4006 varius
656 3956 884 4023 interpretationes
901 3957 982 4008 adbuc
1000 3956 1136 4018 subierint,
1153 3956 1185 4005 ad
1198 3954 1335 4005 Antonium
1352 3961 1436 4004 autem
1448 3955 1614 4019 aliquatenus

322 4055 365 4091 eae
384 4041 513 4108 pertinere
531 4042 646 4108 plerique
664 4044 833 4108 consentiant,
851 4043 913 4094 mibi
930 4045 981 4094 iem
999 4042 1139 4094 verisimile
1159 4040 1262 4091 videtur
1274 4040 1410 4090 solvendae
1423 4055 1480 4089 rose
1491 4038 1615 4104 Aletum)

322 4127 439 4195 et1(ulc)
462 4135 489 4179 et
513 4129 549 4179 ita
572 4128 712 4192 significari
731 4129 855 4194 coloniam
875 4145 929 4181 cem
948 4127 1028 4180 luisse
1047 4127 1181 4178 Antonium
1199 4125 1300 4190 lolium,
1322 4126 1489 4192 praecedente
1509 4125 1618 4176 seilicet

322 4215 421 4264 nomine
439 4215 512 4266 illius
529 4221 558 4265 ut
579 4215 710 4280 praecedit
732 4217 758 4266 iu
775 4215 857 4267 lastis.
896 4215 923 4266 ln
941 4216 1039 4282 postica
1058 4213 1116 4280 quid
1135 4212 1309 4276 significetur,
1331 4212 1391 4262 item
1409 4209 1615 4261 dubitationibus

321 4299 457 4350 obnoxium
484 4307 531 4351 cat.
572 4300 729 4352 Litterarum
756 4311 813 4354 01>
836 4315 850 4350 u
874 4316 913 4351 me
937 4301 1003 4366 apud
1027 4297 1169 4349 lnubccllum
1193 4298 1211 4348 Ι.
1230 4313 1251 4347 c.
1275 4295 1405 4362 proposita
1427 4296 1615 4361 interpretatio

320 4387 543 4456 cloesecrt'ptcrum)
566 4387 684 4453 discreto)
708 4387 751 4440 rel
773 4385 908 4452 o(oueulto)
929 4385 1121 4451 dlecure'nnum)
1144 4400 1174 4435 eo
1193 4386 1254 4435 nitit
1291 4422 1299 4449 ‚
1323 4383 1389 4451 quod
1407 4393 1462 4434 ιεῦ
1481 4398 1529 4431 noo
1548 4399 1614 4432 cou-

321 4479 421 4524 stauter
438 4474 471 4525 ils
494 4473 679 4540 praemittitur3
702 4473 747 4524 sed
770 4479 856 4538 petest
880 4472 942 4523 item
964 4488 1027 4523 vera
1049 4487 1105 4522 esse
1129 4465 1429 4536 antiqua'iterprctatio
1451 4466 1479 4530 Q.
1495 4468 1616 4532 Poenus

321 4557 431 4624 Rufius)
450 4559 570 4628 deglutita)
588 4556 719 4626 moloniae)
736 4557 922 4622 dledueendae).
943 4557 1006 4610 Utut
1024 4565 1073 4617 est,
1087 4555 1168 4608 llulus
1182 4558 1276 4621 legetur
1293 4557 1398 4609 videtur
1410 4553 1490 4606 leisc
1502 4555 1614 4606 Antonii

322 4647 413 4698 misens
431 4645 563 4713 Philippos
580 4647 612 4696 ud
631 4647 736 4697 colonos
754 4645 922 4696 deducendos.

253 4732 284 4783 ad
303 4746 325 4798 p.
341 4733 397 4785 124.
427 4730 472 4784 Gr.
486 4733 526 4799 15,
540 4733 571 4783 23
590 4733 702 4789 πλείους
719 4740 789 4782 recte
808 4729 947 4794 Bergkius3
964 4730 1002 4783 ita
1021 4731 1087 4782 enim
1105 4728 1238 4797 complica
1255 4744 1264 4769 r
1303 4729 1337 4779 tit
1354 4727 1439 4794 interp
1456 4743 1492 4778 es.
