3525 5417
257 333 320 398 νον
779 322 918 381 runem
939 322 1086 380 cannes

255 513 305 570 aia
333 507 439 569 Achaia
464 541 506 550 —-
534 505 649 568 doduni.
693 505 743 566 llle
769 523 837 567 vero
859 504 929 584 quid
953 504 1021 565 inde
1042 501 1224 585 exsculpsit?
1258 498 1417 577 ἀποικίας
1440 501 1477 567 ἐν
1501 499 1618 586 Λιβύῃ

256 606 391 687 Σικελίᾳ
409 606 604 685 Μακεδονίᾳ
626 605 661 670 ἐν
683 603 853 690 ἑκατέρᾳ
874 601 915 670 aa
934 603 1086 684 Ἱσπανίᾳ
1103 601 1221 685 Ἀχαίᾳ
1238 639 1281 651 -
1296 603 1495 688 κατήγαγον,
1517 610 1619 688 itaque

256 722 411 796 postquam
439 723 561 792 atraque
590 719 668 772 recte
698 710 786 773 vertit
816 703 953 792 ἑκατέρᾳ
979 709 1112 770 nondum
1142 707 1198 770 sibi
1227 709 1298 770 satis
1326 708 1433 772 iecisse
1460 712 1541 773 risus
1562 731 1618 794 qaae

256 816 426 898 particulam
450 814 556 876 iterum
580 814 668 876 vertit
690 836 734 875 τε.

357 918 475 997 ‘ltaque
497 917 553 978 etsi
576 917 735 979 detraxeris
759 917 874 998 siquid
897 919 974 979 iorte
996 917 1032 978 ab
1053 916 1178 997 lapicida
1200 925 1331 978 erratum
1353 917 1408 990 sit,
1438 917 1495 978 etsi
1515 917 1617 978 consi-

256 1023 403 1084 deraveris
430 1040 489 1083 non
518 1039 582 1081 esse
612 1021 782 1082 continuam
809 1021 1023 1095 narrationem,
1056 1021 1085 1082 in
1115 1037 1173 1099 qua
1196 1028 1361 1080 structurae
1383 1018 1564 1080 concinnitas
1584 1030 1619 1080 et

258 1125 431 1188 elocutionis
460 1123 601 1202 elegantia
624 1122 766 1184 ostentari
788 1123 932 1203 potuerit,
964 1124 1014 1185 sed
1038 1124 1155 1184 brevem
1179 1139 1278 1183 rerum
1302 1131 1450 1202 gestarum
1477 1121 1617 1194 indicem,

256 1229 311 1290 etsi
333 1227 513 1289 concesseris
534 1226 647 1287 lacilius
670 1227 794 1306 aliquem
811 1246 887 1307 quae
903 1227 965 1306 ipse
987 1225 1124 1305 cogitavit
1138 1224 1234 1286 verbis
1256 1227 1410 1305 concipere
1424 1244 1511 1304 posse
1525 1244 1617 1305 quam

256 1331 365 1392 alienae
388 1329 513 1391 orationi
536 1349 619 1390 suam
641 1331 829 1392 commodare
851 1331 991 1410 linguam,
1015 1338 1114 1391 nmen
1137 1338 1195 1390 tam
1213 1329 1305 1390 multa
1327 1337 1398 1391 sunt
1419 1348 1487 1389 cum
1510 1348 1618 1409 parum

256 1434 403 1512 eleganter
425 1443 488 1494 tum
512 1440 612 1494 contra
635 1432 781 1494 sermonis
804 1433 905 1494 Graeci
926 1434 1004 1512 leges
1027 1433 1112 1506 dicta,
1136 1441 1170 1492 ut
1190 1431 1369 1493 miraremur
1389 1432 1415 1493 si
1437 1432 1504 1512 quis
1525 1432 1620 1494 Grae-

256 1556 323 1599 cum
347 1538 498 1598 hominem
522 1536 713 1616 interpretem
737 1537 827 1598 luisse
849 1537 1027 1598 contendere
1049 1534 1143 1597 vehet.
1187 1534 1253 1596 Non
1271 1544 1318 1596 est
1342 1535 1435 1596 oratio
1457 1536 1542 1608 hacc,
1565 1535 1620 1596 sed

255 1640 412 1702 verborum
447 1639 621 1720 constipatio
648 1643 724 1701 sorte
754 1640 876 1710 fortuito
905 1640 1101 1718 undecunque
1129 1647 1347 1719 correptorum,
1378 1657 1438 1699 non
1468 1645 1514 1700 est
1545 1639 1621 1700 baec

256 1764 304 1806 ars
327 1744 377 1806 sed
400 1752 445 1805 est
466 1743 548 1804 rudis
571 1743 674 1803 inertia
698 1743 864 1804 miserrimo
887 1744 984 1823 aliquo
1007 1742 1146 1821 glossario
1169 1741 1333 1803 misserime
1355 1741 1448 1803 fule!

357 1847 435 1908 llaec
457 1845 614 1906 llaibelius.
660 1844 793 1906 Hominis
820 1844 909 1907 huius
938 1845 1175 1932 orthographiam
1199 1845 1337 1907 Graecam
1365 1846 1410 1906 vel
1431 1845 1529 1926 ponus
1553 1864 1620 1906 ser÷

161 1933 166 1946 ¹
257 1951 354 2012 monis
376 1949 444 2010 uitia
471 1947 607 2028 persequi
637 1967 691 2009 uec
715 1966 813 2009 meum
837 1957 881 2010 est
903 1967 998 2028 neque
1020 1949 1142 2010 omnino
1164 1949 1292 2010 multum
1314 1949 1446 2022 interest,
1473 1965 1620 2027 quasnam

255 2053 333 2132 leges
360 2051 505 2112 eiusmodi
536 2049 661 2129 scriptor
690 2060 808 2112 secutus
837 2052 876 2113 sit
897 2053 942 2113 vel
963 2071 1023 2113 nou
1047 2061 1176 2113 secutus.
1221 2051 1317 2112 Pauca
1339 2060 1438 2112 mmen
1461 2050 1619 2112 adnotabo.

300 2177 329 2216 οι
352 2174 406 2235 pro
430 2177 441 2214 ι
464 2154 549 2233 longa
572 2161 606 2214 ut
628 2171 660 2213 ea
683 2161 776 2215 aetate
798 2155 907 2234 passim
930 2155 1086 2235 reperitur,
1109 2156 1148 2216 ita
1172 2155 1253 2216 hunc
1274 2153 1521 2216 commentarium
1543 2154 1620 2215 scri-

257 2258 338 2320 benti
371 2257 586 2338 diphthongum
618 2267 738 2336 apparet
767 2258 927 2336 legitimam
962 2259 1053 2320 risam
1082 2277 1161 2320 esse:
1194 2258 1335 2320 scribitur
1356 2254 1490 2330 Είόνιος
1515 2260 1566 2331 14,
1588 2257 1620 2320 8.
1745 2293 1746 2340 q

260 2364 307 2436 15,
333 2363 372 2422 14
395 2395 436 2405 -
452 2358 613 2438 ἐπαρχοία
627 2394 669 2403 —-
684 2358 797 2443 λείιρα
815 2362 863 2436 11,
882 2361 920 2423 18
942 2395 985 2407 -
1006 2364 1156 2444 μείμημα
1179 2362 1207 2432 5,
1224 2359 1243 2420 6
1263 2395 1305 2404 -
1321 2357 1477 2441 πολείτης
1491 2395 1533 2403 -
1548 2377 1622 2421 σει·
1745 2367 1746 2432 j

256 2461 346 2538 τικός
370 2466 402 2534 9,
429 2465 470 2524 24
499 2473 553 2524 cet.
576 2499 617 2507 —
639 2459 750 2545 τειμή,
778 2457 998 2547 ἀποτείμησις
1025 2499 1068 2508 -
1096 2461 1273 2526 ἐτελείωσα
1296 2461 1344 2534 10,
1368 2461 1408 2522 23
1431 2496 1473 2505 —-
1496 2459 1620 2540 χείλιοι

257 2568 351 2630 etsie
377 2567 522 2646 deinceps.

357 2693 375 2754 q
400 2689 453 2751 pro
481 2692 511 2730 ει
539 2667 713 2749 aliquotiens
735 2671 889 2750 reperitur,
913 2677 947 2730 ut
967 2669 999 2730 in
1014 2666 1140 2750 Ἄλπης
1164 2670 1212 2742 14,
1236 2669 1255 2730 6
1278 2703 1314 2712 -
1341 2663 1466 2751 δοολήα
1489 2670 1516 2741 1,
1539 2668 1621 2728 3-

257 2773 375 2858 κνριήα
400 2775 449 2847 17,
473 2772 522 2833 22.

357 2895 447 2956 cpro
470 2898 488 2959 q
512 2877 659 2956 reperitur
679 2876 709 2937 in
733 2875 880 2937 vocabulis
903 2871 1024 2958 εὔξησα
1047 2874 1111 2949 4,8
1134 2883 1164 2936 et
1186 2871 1354 2956 ἓπειίξησα
1379 2875 1427 2947 14,
1444 2875 1473 2934 4.
1647 2939 1653 2948 ,

358 3001 374 3040 ε
400 2998 454 3058 pro
482 3001 517 3039 αι
544 2989 712 3040 constanter
734 2975 894 3059 usurpatur
915 2979 946 3039 in
969 2979 1076 3061 σημέα
1099 2978 1239 3040 vocabulo
1264 2979 1313 3052 15,
1337 2977 1544 3050 23.16,3.5
1568 2978 1582 3056 (
1611 3023 1619 3038 .

260 3081 308 3155 13,
325 3082 388 3162 21).
426 3082 557 3143 Conlerri
579 3082 688 3162 poterit
708 3081 923 3165 σημιηαφόρος
939 3081 1017 3144 tituli
1027 3080 1194 3162 Aegyptiaci
1216 3079 1481 3143 cenulenta
1504 3081 1620 3160 aliaque

257 3187 340 3266 plura
362 3185 553 3247 inveniuntur
574 3185 679 3246 similis
701 3186 881 3265 corruptelae
905 3185 1046 3264 exempla.

358 3309 376 3350 ο
398 3307 450 3368 pro
464 3309 499 3350 οι
515 3297 685 3352 constanter
700 3298 860 3377 usurpatur
875 3287 905 3348 in
922 3285 1064 3370 indque,
1082 3283 1252 3370 πεπόηκα;
1274 3286 1325 3348 sed
1342 3285 1481 3348 scribitur
1494 3293 1620 3350 ποιεῖν.

357 3392 417 3453 lota
442 3401 558 3453 mutum
581 3392 612 3452 iu
635 3392 788 3472 Ancyrano
811 3409 877 3452 raro
901 3391 1057 3464 omittitur,
1081 3390 1166 3452 utin
1190 3383 1367 3472 ἐξῃτήσατο
1392 3389 1441 3462 13,
1466 3389 1522 3463 18;
1542 3384 1621 3472 qui-

256 3510 357 3557 oowro
383 3497 501 3570 14,17;
524 3493 765 3578 παρῃτησάμην
787 3495 816 3564 3,
840 3497 869 3569 5,
892 3494 962 3556 item
986 3495 1016 3555 in
1036 3495 1140 3556 dativis
1156 3489 1264 3577 εἰρήνη
1291 3494 1339 3567 14,
1356 3494 1385 3566 7,
1409 3489 1528 3555 Πάνσα
1545 3495 1573 3567 1,
1589 3495 1620 3566 5,

257 3599 403 3680 σωτηρία
429 3598 476 3672 18,
503 3600 529 3658 1.
574 3598 696 3679 Saepius
719 3598 802 3660 abest
823 3598 853 3658 in
876 3597 1085 3678 Apolloniensi.

358 3722 376 3764 ν
397 3713 464 3764 ante
485 3724 505 3778 γ
528 3724 546 3762 κ
568 3724 588 3781 χ
609 3703 793 3782 frequentius
816 3703 956 3765 scribitur
978 3721 1065 3782 quam
1089 3723 1118 3777 γ.
1155 3701 1198 3763 lta
1219 3699 1326 3780 legitur
1348 3693 1442 3775 ἕνγιίς
1463 3699 1575 3780 passim
1590 3710 1623 3761 et

255 3799 390 3880 ’ἤνγιοεν
414 3807 462 3878 16,
486 3805 505 3867 8
530 3841 569 3849 -
592 3803 771 3888 κατήνενκα
794 3807 823 3880 9,
846 3807 886 3868 20
910 3814 964 3867 cet.
988 3840 1030 3850 --
1052 3801 1227 3888 ούνκλητος
1249 3821 1367 3884 semper
1387 3837 1430 3846 -
1445 3799 1624 3880 ἐτύγχανον

260 3907 308 3980 15,
331 3906 388 3982 223
422 3909 472 3970 sed
502 3907 588 3969 etiam
618 3931 638 3985 γ
664 3909 696 3970 in
725 3909 830 3972 talibus
858 3909 968 3990 passim
992 3909 1146 3990 reperitur,
1169 3917 1202 3970 ut
1225 3904 1425 3983 ἐπαγγελίας
1449 3907 1498 3978 11,
1514 3904 1554 3965 22
1580 3941 1623 3949 -

257 4005 426 4091 ἠνάγκασα
452 4011 499 4086 16,
523 4013 543 4072 4
565 4021 620 4074 οοί.
