3525 5417
255 338 298 402 94
846 331 896 401 IV,
914 333 1021 389 39-48

274 535 339 578 mr.
354 517 384 590 4,
400 535 426 576 aa
441 533 470 576 eo
495 512 724 593 [respuentes]
755 513 945 595 hestls‘ollrum
974 512 1176 575 Africanarum
1207 531 1273 575 meo
1301 511 1421 576 nomine
1450 523 1502 576 aut
1531 513 1608 576 filio·

442 634 467 678 tt
496 617 583 694 6666
617 617 752 678 meorum
786 625 816 678 et
847 623 990 698 nepotum
1024 616 1055 679 in
1088 615 1196 695 oi[r]!co
1228 625 1280 680 aut
1312 617 1362 696 [eln
1396 620 1459 680 1666
1492 626 1544 681 661
1575 618 1608 680 16

440 737 468 782 n
493 718 716 801 amphitheatris
736 720 855 802 popol[o
876 719 956 797 dledi
977 720 1093 782 sexiens
1120 730 1151 782 ct
1177 719 1296 797 viciens,
1325 720 1433 802 quihus
1452 717 1458 805 Ι
1476 725 1609 784 66616616

490 830 565 886 'sunt
586 822 747 884 bestiarum
770 823 887 886 circiter
909 823 964 886 tria
987 823 1099 902 mlilllia
1122 832 1152 887 et
1173 823 1384 907 quingentae!

314 926 993 1010 66.12,16..........ν...........ης
1022 926 1357 1012 6661666116611666
1380 927 1608 1008 intercidantur).

253 1030 398 1092 66161661
425 1029 456 1092 16
480 1030 597 1092 Graecis
624 1029 769 1112 principio
796 1052 823 1093 r.
841 1031 880 1094 16
908 1031 1021 1094 litterae
1044 1049 1069 1092 6.
1084 1049 1146 1106 666,
1169 1031 1274 1095 deinde
1296 1034 1465 1095 16166661
1488 1031 1610 1094 66111-

253 1144 331 1197 terae
352 1152 403 1194 xn.
441 1134 539 1211 [Θέας
562 1130 670 1196 ἔδωκα
693 1134 830 1218 σφαγῆς
846 1127 1039 1218 66616νέ[6
1057 1131 1196 1219 Λιβύης]
1215 1181 1222 1196 .
1239 1181 1246 1196 .
1262 1181 1270 1196 .
1287 1135 1429 1216 Berglius
1443 1137 1609 1218 pmposuit,

253 1238 305 1300 sed
328 1240 358 1300 in
383 1258 399 1298 6
418 1236 557 1319 syllabam
580 1237 692 1300 finiisse
713 1237 787 1320 16616
809 1239 947 1301 ostendit.

351 1341 541 1424 Respondent
562 1337 632 1420 huic
651 1340 716 1403 loco
735 1342 823 1404 verha
846 1341 980 1405 Suetonii
1000 1342 1074 1422 hug.
1090 1341 1141 1418 43,
1164 1360 1291 1423 quorum
1313 1341 1492 1424 principium
1515 1342 1611 1405 16166-

253 1455 370 1527 ceptum
393 1445 429 1506 ad
451 1445 626 1506 sententiam
651 1453 729 1507 certe
750 1456 828 1508 recte
851 1446 982 1509 restituit
1000 1445 1141 1508 liothius:
1170 1447 1350 1524 [6166661666
1372 1445 1447 1508 tote
1466 1447 1610 1526 61611616-

251 1552 358 1630 ra'isqce
377 1548 544 1610 6666661166
557 1548 787 1629 frequentissime
800 1550 881 1613 editis
894 1553 1031 1613 6616616611
1041 1549 1211 1630 plerumque
1233 1550 1388 1612 bestiarum
1401 1549 1611 1630 1616666666

252 1654 422 1729 contiones]
446 1655 557 1714 66616
578 1652 644 1731 foro
665 1651 874 1716 6664666616
895 1653 1109 1734 amphitheatro,
1131 1653 1181 1715 sed
1202 1663 1229 1716 et
1247 1657 1280 1716 16
1302 1657 1377 1716 circo
1398 1657 1610 1734 6166666116,

232 1766 279 1818 'et
306 1756 460 1837 aliquando
485 1755 560 1818 nihil
583 1765 700 1836 praeter
725 1759 904 1819 oenotr'onem
928 1758 1024 1820 edidit.
1069 1757 1174 1838 Saepta
1200 1755 1241 1817 ihi
1262 1757 1412 1838 pertinent
1432 1756 1469 1820 ad
1497 1775 1611 1819 munus

254 1859 454 1939 gladiatorium
482 1878 508 1921 a.
524 1858 586 1920 752
614 1857 682 1937 (hio
705 1860 754 1935 55,
777 1861 838 1936 10).
884 1861 968 1923 duno
991 1861 1049 1921 741
1078 1860 1123 1921 vel
1151 1859 1249 1942 potius
1278 1859 1339 1923 743
1368 1860 1398 1922 16
1427 1859 1611 1922 dedicatione

254 1963 361 2024 theatri
388 1963 515 2025 Marcelli
544 1962 713 2026 interiectae
739 1973 810 2027 sunt
836 1963 946 2026 hestiae
975 1961 1126 2024 Africanae
1152 1983 1187 2026 66
1217 1963 1283 2044 (llio
1300 1965 1355 2039 54,
1372 1963 1425 2042 26)
1447 1963 1611 2044 eodemque

254 2076 386 2146 tempore
414 2067 508 2148 prima
530 2068 613 2147 tigris
633 2077 750 2131 ostensa
772 2066 998 2149 (11161668,
1017 2066 1149 2144 17,65),
1172 2067 1242 2129 item
1265 2087 1291 2130 a.
1308 2067 1369 2128 752
1391 2067 1487 2131 necati
1509 2068 1611 2128 leones

255 2190 330 2243 ceux
353 2179 383 2233 et
404 2171 542 2233 crocodili
563 2191 647 2234 mn
667 2172 798 2250 (111655,
816 2172 885 2250 10),
917 2170 1042 2250 denique
1064 2189 1090 2232 6.
1108 2170 1168 2231 765
1181 2171 1275 2233 ludos
1302 2172 1406 2234 edente
1434 2170 1611 2232 Germanico

252 2275 352 2336 166666
374 2295 407 2338 66
430 2275 495 2355 (llio
518 2276 567 2351 56,
583 2275 647 2357 27).
691 2275 925 2355 Quadringentas
950 2274 1052 2356 viginti
1080 2277 1157 2336 teras
1179 2274 1328 2337 Africanas
1348 2274 1515 2355 Augustum
1537 2293 1611 2356 pro-

253 2379 388 2460 posuisse
411 2378 513 2442 scrihit
527 2379 641 2442 Plinius
662 2380 692 2442 h.
708 2400 738 2443 6.
754 2379 783 2455 8,
801 2380 851 2453 17,
866 2380 908 2442 64
922 2397 999 2441 6666
1014 2396 1075 2439 666
1090 2377 1198 2440 addito.
1222 2413 1262 2422 -
1285 2377 1496 2460 Amphitheatre
1509 2387 1611 2441 autem

254 2501 307 2544 cur
334 2482 406 2544 dixit
427 2484 578 2563 Augustus
599 2502 653 2564 pro
680 2479 920 2566 amphitheatro?
947 2490 1025 2544 certe
1051 2500 1112 2543 666
1139 2481 1196 2544 hoc
1222 2482 1385 2563 significare
1410 2481 1502 2546 661611
1523 2482 1612 2544 ludos

257 2605 289 2647 se
310 2585 436 2648 edidisse
458 2586 489 2648 16
511 2586 645 2669 61661166
667 2587 904 2668 amphitheatris3
925 2605 995 2649 nam
1018 2585 1073 2648 etsi
1095 2585 1200 2647 demus
1222 2595 1338 2667 praeter
1358 2585 1504 2668 lapideum
1520 2585 1612 2647 Tauri

254 2689 317 2751 aliis
338 2689 442 2770 ligneis
464 2692 500 2752 ad
522 2700 640 2772 tempus
661 2692 745 2754 166116
774 2711 843 2754 eum
863 2710 961 2770 ,usum
984 2709 1058 2765 6666,
1086 2688 1188 2752 dehuit
1209 2689 1249 2752 ita
1271 2689 1359 2753 etiam
1381 2689 1473 2752 circos
1495 2692 1612 2750 611666

255 2812 374 2874 ponere,
396 2812 457 2856 666
485 2794 596 2856 6166666
626 2798 800 2878 lorumque,
830 2814 898 2857 oum
928 2791 1013 2855 ludos
1041 2792 1165 2855 ediderit
1195 2793 1258 2856 sine
1290 2794 1380 2856 duhio
1412 2791 1443 2854 16
1475 2791 1612 2873 plurihus

255 2896 341 2959 616616
373 2897 565 2979 pluribusque
597 2899 679 2962 16616.
737 2899 881 2980 Eqdidem
915 2896 1008 2977 magis
1038 2895 1212 2958 crediderim
1240 2897 1431 2970 vocabulum,
1459 2894 1538 2976 quod
1564 2895 1614 2956 hic

254 3018 316 3062 non
346 3001 477 3083 primum
507 3001 626 3082 quidem
651 3003 802 3066 invenitur
828 3006 908 3080 (nam
934 3009 1014 3063 recte
1040 3000 1158 3063 monuit
1179 2999 1320 3080 Berglrius
1348 3005 1524 3079 usurpatum
1547 3016 1613 3058 esse

256 3113 341 3167 antea
363 3125 379 3167 a
397 3104 529 3167 Vitruvio
552 3108 580 3182 1,
597 3108 625 3182 7,
643 3109 675 3168 1:
697 3111 729 3169 in
749 3109 850 3190 quihus
872 3105 1031 3170 6161166666
1052 3123 1111 3167 666
1132 3115 1200 3167 aunt
1219 3107 1368 3185 persuasio
1389 3121 1478 3184 oeque
1501 3101 1615 3183 anphi-

254 3209 389 3291 theatro),
411 3208 463 3270 sed
477 3210 610 3289 Augusto
631 3209 763 3292 principe
785 3210 906 3272 demum
928 3208 1043 3270 videtur
1065 3209 1200 3289 usurpari
1223 3216 1360 3289 coeptum
1383 3225 1447 3269 esse
1469 3223 1524 3268 nec
1544 3223 1616 3268 vere

256 3312 398 3374 Graecum
426 3320 485 3388 est,
514 3313 599 3376 161116
627 3313 733 3395 plurali
758 3332 884 3376 numero
906 3314 969 3375 6616
992 3312 1129 3394 usurpari
1150 3321 1288 3394 coeptum
1311 3330 1393 3386 esse,
1423 3328 1491 3373 cum
1513 3319 1618 3372 essent

255 3415 469 3495 amphitheatra
492 3405 629 3496 tanquam
647 3417 759 3480 theatra
780 3417 849 3479 duo.
888 3415 1029 3480 Similiter
1051 3417 1129 3498 higna
1149 3425 1180 3478 et
1201 3416 1356 3497 quadripes
1376 3413 1515 3476 direrunt
1536 3413 1618 3476 anti·

256 3517 374 3597 quiores
396 3526 427 3580 et
448 3520 514 3598 6166
534 3526 564 3581 61
585 3520 724 3601 quadriga
737 3519 900 3601 posteriore
914 3521 1033 3582 demum
1051 3529 1184 3601 tempore
1198 3519 1320 3582 16661611
1335 3519 1428 3596 (1666.
1444 3519 1473 3592 9,
1489 3517 1530 3581 63
1546 3519 1618 3594 al.);

256 3639 435 3701 quamquam
457 3621 619 3702 analogiam
641 3622 718 3684 hanc
739 3623 901 3685 claudicare
922 3643 982 3685 non
1004 3624 1117 3704 ignoro.
1161 3621 1303 3703 Bergkius
1325 3621 1487 3703 principem
1511 3621 1542 3684 in
1558 3622 1619 3683 hoc

255 3724 396 3787 vocabulo
423 3726 565 3806 pluralem
588 3725 804 3808 praeoptavisse
825 3725 949 3802 iudicat,
976 3744 1014 3788 ne
1036 3726 1158 3790 eandem
1181 3726 1341 3788 clausulam
1364 3745 1459 3806 usque
1481 3724 1620 3801 iteraret;

258 3831 309 3892 sed
330 3829 476 3891 eiusmodi
497 3830 613 3893 aurium
635 3849 706 3893 cura
728 3830 849 3893 delicata
869 3831 901 3893 16
924 3831 1091 3911 Augustum
1114 3847 1219 3912 parum
1241 3830 1373 3909 quadrat

760 4079 935 4158 CAPVT
961 4079 1104 4158 XXIII

322 4259 386 4306 tar.
402 4245 431 4319 4,
446 4261 472 4305 aa
502 4240 506 4313 l
530 4241 643 4305 Navalis
672 4243 764 4324 666611
791 4243 970 4323 spectaclum
992 4241 1100 4324 populo
1122 4239 1199 4319 de[di
1219 4240 1308 4318 trlans
1330 4238 1475 4314 Tiberim,
1503 4239 1534 4301 in
1556 4258 1620 4320 quo

447 4366 474 4411 n
501 4347 565 4409 loco
584 4344 590 4431 Ι
608 4365 688 4409 6666
714 4364 820 4408 nemus
848 4355 895 4408 est
917 4346 1083 4420 Caesarum,
1111 4351 1211 4406 cerato
1239 4343 1318 4422 [solo]
1344 4343 1375 4405 in
1401 4343 1619 4423 longitudinem

447 4469 475 4513 ea
502 4450 582 4512 mille
601 4448 606 4534 Ι
625 4461 655 4512 61
676 4449 861 4530 octingentis
883 4449 982 4530 pedis,
1005 4451 1042 4530 [ᾖ]
1064 4449 1094 4510 16
1116 4447 1309 4526 161116116666
1331 4447 1418 4524 mitte]
1434 4448 1481 4525 e[t]
1497 4447 1619 4509 ducenti

451 4573 478 4617 te
506 4553 580 4634 1616).
624 4555 658 4616 ln
680 4574 739 4634 quo
762 4553 890 4635 trilgiute
912 4555 1056 4616 rostratae
1077 4553 1166 4614 61666
1189 4551 1326 4614 triremes
1348 4551 1406 4628 alut
1424 4551 1564 4629 lireoth'es,
1580 4551 1618 4628 [6]

447 4676 474 4720 6
500 4658 600 4739 plures
622 4667 720 4720 autem
739 4660 745 4740 1
765 4658 895 4719 mindres
916 4657 995 4719 iuter
1015 4675 1047 4719 se
1069 4656 1274 4718 condixerunt.
1313 4655 1432 4733 066666
1453 4656 1493 4732 ira]
1515 4652 1619 4716 classi-

448 4777 475 4823 to
500 4761 557 4823 hus
572 4759 785 4844 pugnavelrunt
798 4768 915 4842 praeter
929 4759 1056 4841 remiges
1071 4759 1162 4822 millia
1177 4759 1337 4836 helmeham
1350 4758 1415 4835 trlia
1432 4757 1558 4822 circiter.
1573 4760 1592 4832 §
1609 4759 1615 4840 l
