3525 5417
280 343 343 406 142
887 339 934 408 VI,
953 340 1023 396 6-6

271 521 328 583 hoc
357 519 491 582 Norisius
518 522 626 602 (cenot
655 519 715 582 Pis.
738 519 948 601 putatos)
975 519 1089 583 rettulit
1120 519 1155 582 ad
1178 539 1204 580 a.
1222 517 1293 590 746,
1323 515 1558 578 Sanclementius
1580 518 1626 598 (de

272 644 355 687 aerae
383 625 458 705 vulg.
485 627 601 688 emend.
628 645 657 707 p.
674 624 749 702 338)
776 625 811 686 ad
834 645 859 686 a.
876 627 939 686 744
966 635 996 687 61
1023 625 1099 687 circa
1128 625 1184 685 boc
1211 633 1327 704 tempus
1355 621 1484 684 evenerit
1510 641 1627 682 neeesse

272 739 326 791 est.
376 730 414 790 dt
445 729 484 791 ll.
507 729 575 791 Titii
605 727 819 791 administratio
852 727 953 809 Syriae
980 728 1004 790 si
1035 727 1185 790 reserenda
1215 736 1260 789 est
1288 727 1324 790 ad
1356 746 1382 788 a.
1408 727 1525 789 circiter
1558 727 1627 802 746,

272 833 334 894 fieri
355 851 414 894 non
437 841 550 914 potest,
572 843 607 895 ut
627 832 734 895 liberos
757 832 852 913 regios
874 833 1019 915 acceperit
1039 853 1065 894 a.
1082 831 1162 904 7343
1192 849 1259 894 nam
1282 850 1336 913 per
1357 831 1510 893 duodecim
1533 850 1628 893 annos

271 936 397 998 eundem
424 935 577 998 hominem
606 936 703 1018 Syriae
731 935 906 1018 praefuisse,
935 937 1013 1017 quod
1037 937 1139 998 statuit
1162 935 1395 997 Sanclementius
1418 934 1494 1011 (1.6.
1515 955 1544 1016 p.
1567 934 1627 997 330

272 1042 345 1118 sq),
380 1039 542 1101 secundum
576 1059 623 1113 ea,
656 1058 730 1119 quae
768 1040 804 1101 de
833 1039 957 1120 Augusti
995 1039 1210 1122 provinciarum
1253 1038 1506 1101 administratione
1543 1058 1628 1101 6666-

271 1141 384 1222 pimus,
416 1142 538 1204 minime
569 1141 717 1224 probabile
749 1152 802 1204 est
850 1142 971 1204 Nummi
999 1143 1135 1223 deinceps
1165 1142 1344 1222 quicumque
1373 1141 1520 1204 celebrant
1546 1143 1629 1222 signe

271 1255 385 1326 recepta
419 1247 606 1327 captivosque
636 1245 779 1320 redditos,
811 1264 971 1326 numquam
1002 1265 1069 1308 cnm
1100 1245 1135 1308 iis
1165 1246 1281 1308 obsides
1310 1245 1405 1326 regios
1435 1257 1627 1327 componunt

271 1349 377 1412 Contra
411 1351 570 1412 ridendum
598 1368 670 1412 num
698 1349 756 1411 huc
783 1357 895 1431 spectet
922 1368 1065 1412 nummus
1093 1349 1214 1428 tlichhel
1236 1348 1266 1424 6,
1290 1350 1364 1424 110;
1387 1349 1486 1411 Cohen
1507 1348 1582 1429 hug.
1600 1369 1629 1409 n.

274 1453 452 1534 174-176)
479 1453 581 1517 aetatis
609 1452 758 1534 aliquanto
785 1452 971 1534 posterioris,
998 1453 1108 1516 scilicet
1134 1461 1254 1535 propter
1272 1452 1448 1535 inscriptum
1474 1457 1540 1532 einp.
1560 1473 1632 1514 nnn

271 1574 361 1618 cusus
389 1557 467 1619 inter
487 1576 513 1619 a.
530 1557 591 1619 746
619 1555 730 1620 61755
754 1558 923 1637 (v.p.15]‚
952 1556 982 1618 in
1011 1577 1070 1637 quo
1098 1557 1229 1620 cernitur
1257 1556 1301 1618 vir
1326 1557 1478 1638 chlamyde
1503 1555 1629 1617 restitus

270 1658 403 1738 Augusto
431 1663 461 1723 in
484 1671 622 1742 suggestu
645 1659 758 1724 sedenti
779 1679 905 1741 puerum
929 1661 1064 1722 otleren's.
1108 1659 1344 1744 interpretationi
1372 1680 1447 1741 quae
1469 1668 1573 1740 sponte
1597 1677 1629 1718 se

271 1763 357 1824 offert
383 1763 433 1824 hic
460 1765 672 1846 repraesentari
699 1763 853 1826 Phraatem
880 1763 987 1825 liberos
1015 1763 1178 1827 tradentem
1207 1772 1237 1826 et
1264 1763 1388 1844 tempori
1414 1781 1532 1843 quoque
1559 1771 1629 1841 apta

271 1873 333 1940 est,
362 1866 460 1928 obstat
488 1865 558 1928 sane
584 1868 663 1947 quod
693 1868 816 1929 restitus
843 1867 898 1929 riri
926 1866 1066 1929 tradentis
1096 1887 1156 1929 non
1185 1877 1231 1929 est
1258 1866 1408 1929 sollemnis
1434 1866 1628 1942 Parthorum;

270 1977 301 2027 at
333 1986 392 2028 non
424 1968 518 2049 magis
544 1978 623 2031 recte
651 1968 756 2052 opinor
782 1969 937 2033 Echhelius
964 1972 1143 2032 Germanum
1172 1989 1239 2032 eum
1269 1989 1333 2033 esse
1360 1969 1524 2044 contendit,
1557 1987 1627 2031 cnm

270 2081 507 2150 repraesentetur
533 2091 593 2134 non
615 2074 688 2136 certi
709 2073 810 2155 populi
831 2074 956 2136 vestitus
983 2073 1074 2148 ullus,
1105 2074 1155 2136 sed
1178 2075 1300 2136 deorum
1324 2075 1506 2154 heroumque
1528 2071 1626 2153 specie

270 2171 315 2233 vir
347 2184 496 2254 praeterea
528 2177 625 2238 nudus
659 2176 841 2259 chlamydem
875 2197 979 2240 umero
1011 2187 1114 2258 gestet.
1158 2178 1282 2240 llarime
1308 2187 1407 2240 autem
1440 2185 1538 2238 moret
1565 2194 1626 2237 non

271 2282 330 2335 tam
357 2278 436 2356 quod
463 2297 561 2358 regem
594 2289 729 2341 exterum
765 2282 879 2343 nullum
915 2281 1021 2342 liberos
1054 2283 1089 2342 ad
1116 2282 1281 2361 Augustum
1317 2281 1432 2343 misisse
1466 2279 1625 2341 memoriae

271 2379 409 2442 traditum
439 2393 484 2444 est
505 2392 621 2462 praeter
642 2382 797 2458 Phraaten,
825 2404 893 2446 nam
924 2386 952 2447 id
980 2385 1077 2466 ipsum
1105 2385 1192 2447 etiam
1222 2384 1313 2466 reguli
1341 2384 1390 2446 alii
1413 2382 1552 2446 Germani
1580 2381 1625 2443 rel

271 2482 401 2544 Britanni
427 2487 520 2545 lacere
547 2495 709 2566 potuerunt
734 2507 789 2549 666
814 2489 971 2569 quicquam
996 2490 1032 2552 de
1054 2509 1086 2550 66
1109 2507 1141 2550 66
1163 2489 1316 2550 annalibus
1337 2487 1447 2550 nostris
1470 2485 1625 2559 contineri,

269 2586 319 2647 sed
342 2587 420 2667 quod
443 2605 458 2647 a
481 2587 571 2649 solida
595 2590 718 2669 Augusti
742 2592 955 2672 magnificentia
977 2593 1115 2655 abhorret
1137 2592 1261 2655 similem
1285 2591 1469 2654 traditionem
1492 2589 1625 2651 nummis

269 2689 464 2751 concelebrari
486 2692 590 2753 iactam
615 2693 769 2774 abaliquo
791 2715 826 2757 ex
849 2698 928 2776 regia
950 2697 1042 2778 plebe.
1081 2695 1201 2758 Videtur
1221 2695 1309 2776 igitur
1323 2695 1413 2758 huius
1427 2694 1543 2756 nummi
1558 2712 1626 2754 cae-

269 2792 342 2854 lator
370 2811 430 2854 non
461 2802 518 2854 tam
548 2795 584 2856 de
605 2795 715 2858 Partho
737 2799 878 2878 cogitasse
901 2818 988 2880 quam
1012 2801 1047 2862 de
1069 2808 1206 2863 extraneo
1228 2809 1258 2861 et
1279 2799 1335 2860 hoc
1357 2798 1483 2861 maxime
1505 2805 1626 2859 secutus

269 2914 346 2969 esse,
377 2905 411 2958 ut
438 2906 520 2977 togae
550 2909 747 2980 opponeretur
773 2904 912 2984 chlamys.
958 2903 1099 2966 Similiter
1129 2903 1258 2977 omniuo,
1287 2912 1320 2964 ut
1347 2901 1511 2964 observavit
1533 2899 1625 2962 luhus

268 2998 487 3076 Friedlaender,
521 3003 551 3062 in
585 3003 716 3066 nummis
742 3005 859 3067 Traiani
891 3007 1040 3087 inscriptis
1072 3025 1161 3088 reguo
1188 3007 1336 3086 adspecta
1364 3015 1394 3067 et
1420 3023 1475 3068 reso
1502 3003 1626 3066 Parthus
1745 3067 1746 3072 ,

269 3103 382 3181 (Cohen
404 3103 481 3165 Trai.
502 3123 530 3165 6.
551 3105 623 3167 324.
640 3107 714 3183 329)
737 3127 821 3188 reges
847 3110 939 3170 exteri
966 3119 995 3171 et
1023 3108 1053 3170 in
1082 3110 1127 3171 his
1148 3109 1275 3171 Parthus
1298 3110 1416 3171 brevem
1441 3109 1624 3188 chlamydem

268 3207 360 3268 solam
381 3216 504 3286 gestant.
528 3243 568 3254 ——
590 3209 721 3290 Denique
743 3211 821 3290 quod
837 3211 976 3274 Horatius
991 3212 1117 3274 iocatur:
1139 3217 1270 3274 decentor
1284 3212 1397 3275 Parthis
1410 3211 1579 3274 mendacior
1593 3210 1625 3271 in

267 3309 391 3391 epistula
413 3311 456 3391 (2,
475 3314 501 3386 t,
526 3312 598 3389 112)
625 3313 732 3394 scripta
755 3334 780 3375 6.
797 3334 822 3376 6.
839 3316 916 3390 741,
947 3315 1044 3395 aptius
1071 3315 1175 3397 opinor
1195 3334 1284 3396 quam
1311 3317 1346 3377 ad
1376 3315 1527 3396 perfidiam
1556 3313 1625 3375 helli

268 3413 414 3476 Crassiani
441 3419 584 3477 referetur
609 3418 646 3479 ad
672 3417 826 3480 discidium
855 3418 1002 3499 quoddam
1024 3429 1092 3500 post
1113 3419 1225 3482 reddita
1247 3420 1327 3500 sigua
1358 3419 1436 3481 inter
1457 3420 1623 3498 Augustum

268 3527 297 3577 et
318 3517 473 3580 Phraatem
501 3528 603 3581 natum
630 3530 660 3583 et
685 3521 813 3603 sopitum
845 3522 949 3584 deinde
978 3522 1130 3585 obsidibus
1156 3523 1255 3586 liberis
1283 3524 1382 3586 missis
1408 3524 1448 3604 (v.
1471 3542 1546 3604 quae
1571 3542 1624 3582 er-

268 3622 353 3701 posui
376 3621 405 3683 in
429 3621 554 3685 llermae
576 3626 631 3687 rol.
650 3627 688 3686 15
711 3646 740 3707 p.
758 3626 841 3707 106).

346 3847 410 3890 666.
426 3829 483 3903 6,6
509 3811 715 3911 Plirrimaeque
741 3831 813 3894 aliae
841 3841 943 3912 gentes
969 3835 1113 3914 exper[tee
1144 3843 1209 3895 sunt
1243 3853 1275 3914 p.
1291 3833 1336 3912 6.]
1358 3833 1445 3916 fidem
1469 3851 1516 3895 me
1537 3834 1623 3914 prin-

467 3951 480 3994 6
510 3929 597 4012 leipe,
632 3934 741 4014 quihus
778 3936 863 3996 66166
903 3955 971 3997 cum
1013 3937 1121 4017 populo
1155 3937 1295 4015 Roman[o
1329 3937 1442 4000 nullum
1477 3939 1624 4014 estiterolt

468 4051 483 4096 6
509 4035 687 4114 legationum
708 4037 762 4120 166
782 4038 927 4101 amicitiae
947 4039 1184 4117 [elommercium.
1207 4039 1248 4122 §l

301 4157 346 4199 cn.
365 4139 413 4212 17,
436 4155 483 4199 66
512 4134 662 4202 lli-stessi
692 4161 728 4203 re
758 4137 842 4203 ἄλλα
876 4139 960 4225 ἔθνη
997 4150 1118 4225 πεῖραν
1147 4140 1291 4225 &belides
1323 4141 1429 4228 δήμου
1453 4141 1624 4226 Ῥωμαίων

457 4261 483 4304 ro
509 4243 653 4317 πίστεως
674 4241 727 4306 ἐπ’
750 4238 831 4326 ἐμοῦ
853 4241 1024 4328 ἡγεμόνος,
1049 4246 1054 4328 Ι
1081 4243 1131 4321 οἷς
1153 4245 1189 4310 τὸ
1213 4247 1293 4330 πρὶν
1315 4243 1454 4330 οὐδεμία
1476 4241 1516 4331 ἦν
1537 4241 1623 4330 πρός
1698 4325 1703 4334 Ι

458 4364 480 4407 rr
510 4343 616 4428 δῆμον
634 4342 805 4429 Ῥωμαίων
827 4347 1042 4430 6666166ιῶ6
1064 4350 1119 4412 καὶ
1143 4347 1258 4433 φιλίας
1280 4347 1456 4428 κοινωνίαί.

268 4446 366 4509 tato
388 4447 467 4510 inter
486 4443 574 4530 cuper
595 4460 627 4511 et
645 4451 731 4532 fidem
752 4469 820 4513 cum
843 4452 1047 4516 desiderentur
1067 4453 1180 4516 litterae
1202 4474 1261 4517 non
1284 4456 1350 4537 plus
1372 4475 1399 4530 x,
1425 4455 1511 4536 posui
1529 4476 1559 4536 p.
1575 4455 1621 4528 ll,

268 4569 338 4611 sane
359 4549 478 4613 invitus.
502 4587 543 4596 —
565 4552 638 4614 ltem
663 4555 681 4614 7
704 4572 771 4614 cum
795 4554 892 4618 hiatus
915 4556 1099 4619 absorbuerit
1119 4558 1231 4620 litteras
1252 4577 1278 4620 c.
1293 4577 1350 4633 rvr,
1372 4559 1451 4638 quod
1465 4577 1619 4640 posueram

266 4653 381 4716 nullum
408 4655 746 4720 senectudinem
773 4666 831 4732 est,
862 4659 941 4738 quod
963 4659 1104 4740 Rerghius
1135 4661 1249 4723 661666
1279 4662 1391 4741 suunt,
1419 4680 1478 4722 non
1502 4661 1620 4724 sufficit.

267 4757 351 4831 Quod
374 4757 449 4832 dedi,
471 4757 564 4822 suasit
585 4759 832 4826 Wilamouitzius.
