3525 5417
260 335 302 399 60
855 329 909 397 111,
928 331 1011 384 r-m

259 509 428 574 sestertium
456 510 615 572 sescenties
642 509 856 590 (60000000)
892 512 922 572 in
952 509 1113 572 triennium
1147 519 1283 572 mutuum
1318 509 1400 572 dedit
1428 509 1492 572 sine
1526 529 1618 572 usura

260 622 334 676 teste
356 615 467 676 Zonara
490 615 554 690 (10,
570 614 624 676 36:
648 611 757 692 χιλίας
784 613 840 675 καὶ
867 616 1086 686 πεντακοσίας
1107 609 1272 695 μυριάδας
1300 609 1453 696 δραχμῶν
1475 605 1620 686 ἀτόκους

258 727 328 790 τοῖς
355 715 526 800 δεομένοις
556 714 712 790 δανείσας
739 715 800 779 ἐπ’
827 713 882 800 ἔτι)
910 719 986 800 τρία
1013 715 1168 799 ἐπῃνεῖτο
1198 714 1290 800 παρὰ
1319 714 1474 792 πάντων).
1519 717 1618 779 Plebis

260 822 411 884 Romanae
433 822 493 883 sive
515 821 644 882 urbanae
665 839 733 882 cum
756 839 782 882 a.
799 822 860 884 749
883 828 1077 883 numerentur
1099 821 1178 883 milia
1200 840 1289 883 cccxx
1310 822 1392 898 (nam
1415 840 1522 882 cccxxx
1537 820 1619 900 quod

258 925 404 1007 interpres
427 925 507 987 dedit
528 924 592 987 sine
614 923 703 986 dubio
725 933 854 987 erratum
877 925 946 1004 est),
968 925 1099 1006 quinque
1121 923 1307 988 liberalitates
1329 923 1366 986 ab
1380 943 1406 986 a.
1423 925 1484 986 710
1500 925 1538 986 ad
1554 923 1617 986 742

258 1029 366 1092 divisae
393 1029 531 1091 dicuntur
551 1046 715 1108 numquam
737 1028 906 1110 pervenisse
928 1029 963 1091 ad
986 1029 1120 1092 homines
1143 1029 1241 1092 minus
1263 1047 1315 1090 occ
1338 1027 1432 1101 milia,
1458 1039 1492 1090 ut
1514 1037 1617 1109 postea

258 1134 341 1196 datae
360 1132 529 1214 pervenisse
548 1132 701 1194 rideantur
721 1132 756 1194 ad
774 1149 933 1194 numerum
949 1132 1097 1214 aliquanto
1112 1131 1252 1195 maiorem
1269 1141 1299 1195 et
1312 1131 1395 1214 plebs
1410 1131 1447 1193 ab
1462 1151 1488 1194 a.
1501 1132 1564 1193 710
1579 1131 1617 1193 ad

175 1231 182 1240 ’
259 1257 284 1299 a.
298 1238 360 1300 749
381 1235 531 1318 paullatim
554 1255 570 1297 a
593 1237 708 1298 minore
729 1236 785 1298 boc
806 1255 931 1298 numero
946 1237 982 1299 ad
997 1211 1138 1299 maiobem
1155 1236 1237 1299 illum
1254 1235 1443 1298 succrevisse.
1473 1235 1616 1298 Ultimam

257 1350 355 1416 autem
377 1340 560 1420 largitionem
585 1358 638 1401 cur
663 1357 724 1400 uon
751 1338 882 1419 ceperint
912 1338 969 1401 nisi
992 1340 1146 1402 bominum
1169 1339 1248 1402 milia
1270 1339 1367 1421 paullo
1389 1339 1456 1420 plus
1478 1339 1615 1414 ducenta,

256 1445 325 1507 inde
351 1444 513 1525 explicatur
539 1444 618 1524 quod
645 1441 742 1523 paullo
765 1451 832 1504 ante
852 1442 1002 1523 Augustus
1028 1443 1142 1526 plebem
1166 1445 1264 1506 denuo
1285 1452 1473 1506 recensuerat
1494 1451 1524 1505 et
1546 1463 1615 1506 cum

257 1558 342 1611 antea
363 1547 469 1629 plebeii
490 1547 602 1610 ordinis
623 1546 737 1608 civibus
759 1545 898 1608 omnibus
921 1548 950 1609 in
974 1547 1047 1610 urbe
1068 1545 1242 1628 degentibus
1264 1546 1295 1608 in
1317 1550 1500 1610 trumentum
1516 1548 1616 1629 publi-

258 1672 326 1715 cum
348 1652 395 1714 ius
417 1661 504 1724 esset,
527 1650 732 1732 accipientium
754 1646 911 1712 numerum
936 1651 971 1712 ad
993 1651 1073 1714 hunc
1091 1650 1244 1733 redegerat
1258 1660 1334 1713 teste
1348 1650 1440 1713 Dione
1454 1651 1616 1732 epitomate

259 1758 375 1831 5510,
394 1758 426 1817 1:
448 1751 466 1819 ὁ
489 1752 528 1818 δὲ
552 1751 744 1832 Αὔγουστος
765 1753 803 1817 cd
825 1752 884 1817 τοῦ
906 1748 1013 1837 δήμου
1034 1755 1092 1816 τοῦ
1115 1752 1390 1835 σιτοδοτουμένου
1413 1751 1546 1837 πλῆθος
1576 1749 1617 1816 ὂν

258 1859 291 1934 ἐς
313 1861 419 1924 εἴκοσι
441 1854 606 1942 μυριάδας
628 1855 814 1919 κατέκλεισε
836 1857 885 1935 (cf.
911 1858 1069 1921 Suetonius
1091 1859 1164 1938 Aug.
1188 1858 1251 1938 40).
1288 1857 1321 1918 10
1343 1875 1412 1919 cum
1433 1857 1465 1919 in
1486 1857 1615 1938 epitoma

260 1963 468 2045 interpositum
491 1962 530 2024 sit
551 1961 630 2024 inter
651 1979 699 2022 res
721 1980 745 2022 a.
763 1960 824 2022 748
846 1971 877 2024 et
892 1961 963 2036 752,
986 1962 1090 2024 collato
1105 1963 1162 2024 boc
1175 1963 1270 2043 capite
1285 1959 1488 2023 commentarii
1502 1962 1614 2022 iactum

259 2086 323 2129 esse
344 2065 524 2146 intellegitur
545 2065 623 2127 inter
643 2062 810 2144 largitiones
832 2065 906 2127 duas
928 2083 953 2128 a.
970 2067 1032 2129 749
1055 2075 1084 2129 et
1106 2065 1168 2128 752
1190 2065 1364 2146 videturque
1386 2083 1454 2127 cum
1475 2064 1540 2146 ipsa
1559 2065 1615 2126 bac

258 2168 475 2251 quodammodo
489 2168 680 2230 coniunctum
697 2167 798 2242 luisse,
820 2185 888 2229 cum
904 2169 982 2250 apud
996 2167 1119 2230 Dionem
1136 2169 1326 2249 congiarium,
1346 2169 1425 2251 quod
1439 2186 1500 2231 non
1515 2177 1615 2250 potest

260 2293 326 2337 esse
347 2273 405 2336 nisi
427 2271 497 2334 anui
513 2271 584 2346 752,
601 2271 700 2333 statim
716 2269 917 2350 subiungatur.
940 2307 982 2316 -
1004 2273 1159 2335 Summam
1175 2272 1392 2353 quodammodo
1406 2270 1509 2353 capitis
1523 2272 1613 2335 buius

257 2377 372 2441 rettulit
384 2376 543 2440 Suetonius
557 2376 640 2455 (Aug.
653 2377 707 2452 41)
720 2374 773 2437 ita:
790 2379 935 2456 οοκρίοιϊο
948 2375 1053 2456 populo
1067 2378 1231 2457 frequenter
1245 2377 1328 2448 dedr't,
1344 2377 1393 2439 sed
1408 2377 1537 2439 διὀιτεοε
1550 2378 1614 2457 [ere

257 2499 393 2553 summae,
415 2480 498 2543 modo
520 2481 735 2562 quadringenos,
758 2479 842 2541 modo
865 2490 999 2552 trecenos,
1021 2497 1235 2563 nonnumquam
1251 2481 1372 2543 ducenos
1386 2483 1612 2562 quinquagenos-

257 2605 311 2669 que
345 2585 450 2660 (immo
483 2584 744 2666 quodropenosque)
775 2601 916 2645 nnnnros.
976 2577 1223 2664 chronographus
1255 2601 1281 2644 a.
1304 2582 1365 2644 354
1401 2601 1469 2645 cum
1503 2583 1545 2646 ait
1578 2585 1613 2647 de

257 2691 389 2770 Augusto
405 2690 447 2769 (p.
463 2688 525 2750 646
540 2687 585 2748 ed.
601 2689 710 2763 meast:
733 2690 912 2768 coreptoriunc
931 2685 1007 2749 dedit
1027 2697 1070 2749 ter
1083 2698 1105 2747 aa
1117 2705 1252 2762 occisus,
1275 2695 1335 2748 tam
1350 2686 1381 2748 in
1396 2685 1612 2768 congiariornm

258 2811 383 2856 numero
405 2800 484 2854 errat
514 2809 604 2872 quam
626 2790 657 2852 rb
685 2807 815 2867 summa3
842 2808 912 2852 nam
942 2809 977 2852 ex
1005 2799 1071 2852 octo
1098 2789 1329 2864 liberalitatibus,
1352 2790 1431 2871 'quas
1459 2801 1613 2854 enumerat

257 2897 320 2979 ipse
342 2897 501 2976 Augustus,
525 2893 615 2957 missa
638 2892 856 2956 testamentaria
877 2902 908 2954 et
927 2894 1119 2956 frumentaria
1133 2902 1163 2956 et
1177 2893 1296 2957 militari
1315 2895 1515 2958 numerandae
1529 2905 1613 2958 erant

257 2999 403 3081 quinque,
432 3017 556 3080 quarum
587 3017 704 3061 summa
732 2997 819 3058 fiebat
837 3015 1038 3059 acroenum
1060 2997 1121 3060 sive
1141 3018 1163 3059 at
1181 3015 1294 3060 ccccxx.
1338 2997 1461 3061 Videtur
1480 2998 1612 3061 laterculi

259 3115 362 3167 auctor
375 3123 547 3166 numerasse
563 3105 617 3166 tria
633 3101 777 3183 congiaria
792 3099 963 3163 sestertium
978 3101 1256 3182 quadringenorum,
1271 3121 1307 3164 ex
1318 3099 1433 3166 duobus
1444 3102 1611 3166 sestertium

258 3209 440 3271 ducenorum
456 3217 486 3270 et
501 3207 754 3288 quadragenorum
770 3205 896 3268 alterum
913 3203 1056 3280 omisisse,
1073 3205 1196 3268 alterum
1213 3223 1281 3268 cum
1298 3205 1438 3269 Suetonio
1453 3205 1613 3269 credidisse

258 3312 425 3374 sestertium
448 3312 631 3374 ducenorum
653 3319 683 3373 et
704 3309 987 3390 quinquagenorum.

358 3414 456 3477 Prima
488 3415 604 3495 largitio
636 3414 787 3497 pertinens
819 3411 855 3474 ad
882 3431 907 3473 a.
925 3414 987 3475 710
1016 3429 1102 3494 saepe
1135 3421 1318 3475 memoratur
1346 3413 1423 3495 apud
1456 3411 1613 3494 scriptores

258 3519 395 3600 (Sueten.
415 3518 496 3580 Caes.
518 3517 573 3593 833
602 3517 751 3581 Plutarch.
773 3518 880 3578 daton.
899 3517 948 3579 16.
969 3517 1052 3580 Brut.
1068 3517 1125 3592 20;
1152 3516 1275 3597 Αρρίοο.
1292 3515 1321 3591 2,
1346 3515 1433 3596 143),
1463 3513 1514 3595 qui
1543 3534 1612 3577 oum

257 3631 406 3703 praeterea
427 3621 515 3683 etiam
537 3621 568 3683 in
591 3639 708 3683 summa
730 3639 797 3684 oum
814 3619 1026 3683 commentario
1041 3618 1236 3693 consentiant,
1256 3619 1337 3681 solus
1352 3617 1405 3680 bio
1421 3619 1471 3694 44,
1487 3617 1527 3679 35
1543 3635 1612 3680 curo

258 3722 373 3786 adsecla
395 3722 508 3785 zonara
532 3723 637 3799 10,12
663 3732 693 3785 et
721 3724 796 3786 hanc
818 3741 967 3785 summam
989 3723 1122 3804 penitet
1143 3731 1263 3786 auctore
1284 3721 1373 3785 citato
1394 3721 1459 3803 ipso
1481 3722 1614 3801 Angusto

259 3827 381 3890 alteram
403 3826 606 3890 sestertiorum
629 3847 683 3889 cxx
705 3830 754 3906 (ct.
770 3826 923 3890 Drumann
947 3829 974 3901 1,
993 3827 1075 3904 101).

360 3929 560 3993 liberalitates
590 3931 716 3994 secunda
743 3939 774 3993 et
800 3930 924 4013 septima
954 3933 1100 4012 proiectae
1126 3949 1162 3992 ex
1192 3929 1336 3994 bellorum
1366 3927 1502 3992 manibiis
1531 3928 1616 3992 datae

258 4045 330 4132 sunt
361 4044 428 4117 post
461 4035 646 4118 triumphum
681 4035 851 4099 triduanum
878 4053 903 4096 a.
926 4035 997 4097 725.
1042 4035 1116 4096 Rem
1144 4036 1300 4098 confirmat
1327 4033 1381 4097 bio
1404 4036 1454 4108 51,
1470 4034 1525 4095 21:
1559 4033 1615 4096 nal

127 4195 139 4212 ,
257 4148 328 4211 τοῖς
343 4133 559 4222 στρατιώταις
574 4135 677 4202 ἔδωκέ
690 4157 779 4214 τινα,
802 4137 847 4221 τῷ
860 4160 896 4200 τε
911 4131 1005 4222 δήμῳ
1026 4137 1110 4200 καθ’
1127 4132 1242 4203 ἑκατὸν
1256 4135 1418 4222 δραχμάς,
1442 4138 1616 4220 προτέροις

258 4241 320 4326 μὲν
340 4251 410 4316 τοῖς
432 4241 465 4317 ές
487 4239 608 4325 ἄνδρας
630 4239 794 4317 τελοῦσιν,
817 4239 935 4304 ἔπειτα
950 4239 1059 4304 δὲκαὶ
1074 4249 1144 4316 τοϊς
1159 4241 1260 4305 παισὶ
1275 4240 1335 4304 διὰ
1348 4241 1406 4307 τὸν
1420 4237 1618 4322 Μάρκελλον

258 4345 316 4409 τὸν
338 4340 555 4430 ἀδελφιδοῦν,
578 4344 752 4429 διένειμεν.
788 4346 891 4409 Paullo
914 4354 980 4408 ante
995 4345 1059 4426 (51,
1078 4347 1129 4420 17)
1147 4346 1301 4409 rettulerat
1315 4345 1458 4408 militibus
1480 4345 1532 4425 qui
1547 4363 1614 4407 cum

259 4449 381 4513 Caesare
403 4460 543 4513 venerant
557 4450 768 4513 Alexandream
790 4458 946 4512 numerata
967 4469 1032 4514 esse
1055 4449 1135 4512 milia
1155 4469 1314 4512 nummum
1336 4449 1450 4530 singula
1464 4458 1615 4529 tamquam

258 4554 290 4615 in
313 4553 454 4617 solacium
477 4553 560 4617 urbis
582 4573 643 4616 non
665 4553 788 4616 traditae
810 4553 998 4636 diripiendae.
1043 4553 1084 4616 lle
1106 4573 1231 4617 numero
1254 4553 1429 4616 militumr.
1452 4553 1489 4615 ad
1511 4551 1541 4628 3,
1564 4551 1614 4614 22.

360 4657 493 4719 Tertium
524 4657 635 4720 donum
662 4656 693 4720 in
722 4658 876 4721 consulatu
904 4657 1018 4720 decimo
1046 4677 1071 4719 a.
1095 4657 1156 4720 730
1185 4657 1264 4721 dedit
1290 4658 1441 4738 Augustus
1470 4665 1539 4739 post
1565 4655 1615 4717 de-

258 4757 351 4823 victos
373 4759 534 4824 Cannbros
556 4761 680 4826 Romam
703 4761 829 4826 rediens
872 4761 915 4826 De
937 4781 971 4826 eo
992 4761 1046 4824 Dio
1062 4760 1112 4838 53,
1128 4759 1169 4826 28
1192 4760 1235 4825 sie
1257 4759 1346 4825 tradit
1360 4761 1527 4842 Augustum
1552 4767 1612 4849 tum
