3525 5417
737 369 770 437 V,
789 372 894 426 44-49
1427 375 1486 439 131

137 558 229 634 ripas,
252 553 401 614 decurrere
423 551 550 614 solebant
570 562 597 613 et
618 555 713 614 οιίίαο
731 553 869 632 populari
889 563 918 614 et
941 553 1064 615 subinde
1086 571 1184 615 rerum
1209 553 1366 636 scriptores
1388 571 1488 616 earum

138 657 345 726 meminerunt,
369 665 403 718 ut
424 675 449 717 a.
466 654 526 716 738
549 655 615 734 (llio
638 656 688 730 54,
712 654 766 735 20)
789 665 819 718 et
840 677 865 718 a.
884 659 954 732 744,
977 677 1036 736 quo
1058 657 1271 738 expeditionem
1289 657 1382 720 solitis
1398 659 1490 739 magis

137 761 356 822 formidolosam
372 763 513 835 fecerunt,
536 777 602 821 cum
624 761 655 820 in
671 779 706 819 eo
721 770 800 821 esset
815 769 848 821 ut
862 761 923 822 lani
939 760 1081 842 templum
1097 762 1290 837 clauderetur,
1312 771 1385 824 teste
1400 762 1491 826 Ilione

137 867 201 941 (54,
215 866 287 946 36)ῑ
316 861 348 926 οἱ
372 859 477 927 Δάκοι
503 861 562 926 τὸν
576 859 701 943 Ἴστρον
723 861 897 946 πεπηγότα
920 861 1094 944 διαβάντες
1116 861 1207 928 λείαν
1228 863 1263 927 ἐκ
1285 867 1340 949 τῆς
1364 871 1492 931 Παννο-

137 971 211 1042 νίας
233 964 446 1050 ἀπετέμοντο.
483 969 537 1030 llic
558 976 604 1031 est
625 967 689 1028 sine
711 966 800 1029 dubio
823 967 977 1043 exercitus,
1000 987 1087 1049 quem
1111 969 1261 1048 Augustus
1284 969 1314 1030 in
1336 989 1491 1032 commen-

137 1067 211 1129 tario
234 1068 337 1130 scribit
358 1087 411 1148 per
425 1068 535 1131 belIum
549 1068 752 1132 Pannonicum
767 1089 793 1132 a.
810 1071 977 1132 742-745
993 1071 1142 1134 transiisse
1158 1072 1322 1135 Danuvium
1338 1083 1367 1134 et
1381 1073 1489 1135 rictum

136 1191 202 1232 esse
223 1172 255 1232 in
277 1171 340 1251 ripa
362 1172 472 1234 dextra.
509 1172 624 1247 Postea,
648 1183 682 1235 ut
704 1174 780 1235 idem
803 1174 954 1254 Augustus
976 1175 1025 1250 ait,
1049 1175 1158 1237 missus
1180 1176 1325 1238 exercitus
1341 1176 1492 1238 Romanus

136 1285 219 1336 trans
234 1275 398 1338 Danuvium
414 1275 505 1338 Dacos
526 1277 656 1349 domuit;
678 1277 762 1339 euius
777 1278 969 1358 expeditionis
986 1279 1185 1341 meminerunt
1199 1289 1348 1361 praeterea
1364 1278 1394 1342 oi
1409 1281 1493 1341 fallor

137 1378 245 1440 Strabo
275 1379 435 1442 Suetonius
462 1379 566 1442 Florus
596 1380 723 1442 Tacitus.
773 1380 810 1442 Et
841 1381 946 1443 Strabo
979 1383 1097 1462 quidem
1125 1392 1193 1464 post
1220 1402 1307 1465 supra
1333 1385 1422 1446 relata
1451 1383 1493 1444 sio

136 1482 248 1561 pergit:
271 1478 303 1544 oi
327 1478 366 1544 δὲ
387 1479 620 1566 διαδεξάμενοι
646 1480 705 1566 τὴν
736 1468 837 1566 ἀρχὴν
863 1485 911 1558 εἰς
934 1484 1037 1548 πλείω
1060 1489 1140 1570 μέρη
1164 1483 1350 1569 διέστησαν.
1374 1485 1429 1548 καὶ
1452 1483 1493 1567 δὴ

132 1587 194 1647 ’καὶ
217 1585 293 1661 νῦν,
325 1580 422 1667 ἡνίκα
452 1585 604 1672 ἔπεμψεν
632 1585 689 1651 ἐπ’
713 1583 830 1662 αὖτοὺς
854 1592 1028 1670 στρατείαν
1050 1585 1069 1652 δ
1090 1588 1255 1672 Σεβαστὸς
1276 1591 1422 1672 Καίσαρ,
1447 1588 1494 1660 εἷς

135 1691 237 1752 πέντε
262 1688 416 1772 μερίδας,
446 1689 522 1754 τότε
550 1691 590 1755 δὲ
615 1691 662 1766 είς
690 1696 852 1773 τέσσαρας
877 1691 1050 1766 διεστῶτες
1077 1689 1261 1774 ἐτύγχανον.
1284 1688 1317 1754 οἱ
1346 1689 1406 1773 μὲν
1436 1683 1494 1752 οὖν

133 1793 285 1856 τοιοῦτοι
313 1797 471 1876 μερισμοὶ
502 1793 703 1877 πρόσκαιροί
731 1795 787 1858 καὶ
816 1793 926 1858 ἄλλοτ’
949 1792 1046 1859 ἄλλοι
1074 1806 1104 1859 et
1131 1805 1198 1878 post
1224 1795 1279 1858 alia
1308 1813 1332 1857 o.
1351 1794 1406 1856 12:
1435 1791 1492 1856 ἐπὶ

134 1896 297 1960 τοσοῦτον
317 1889 386 1960 tired
409 1899 468 1961 τοῦ
489 1901 693 1981 Βοιρεβίστα
714 1898 751 1963 τὸ
774 1898 874 1973 ἔθνος
896 1898 1040 1983 ἐξαρθὲν
1060 1897 1271 1981 ἐταπεινώθη
1287 1895 1401 1972 τελέως
1423 1892 1493 1961 ὑπό

25 2014 27 2025 ’
134 1999 266 2062 τετῶν
294 1997 443 2064 στάσεων
468 2003 524 2063 καὶ
553 2003 618 2066 τῶν
641 1999 811 2086 Ῥωμαίων
838 2013 868 2065 et
894 2023 998 2065 rursus
1025 2022 1050 2065 c.
1073 2003 1126 2064 13:
1155 1997 1352 2086 αὐξηθέντες
1379 2000 1407 2063 δ’
1434 1987 1494 2063 οὖν

134 2099 195 2164 έπί
229 2099 386 2166 πλεῖστον
413 2109 447 2166 ot
472 2128 508 2167 τε
538 2106 634 2168 Γέται
665 2111 698 2168 ol
727 2127 763 2168 τε
786 2110 914 2182 Δακοί,
943 2103 1025 2170 ὥστε
1049 2105 1105 2168 καὶ
1129 2107 1234 2170 εἴκοσι
1254 2103 1419 2189 μυριάδας
1441 2103 1492 2166 έκ-

135 2208 287 2287 πέμπειν
316 2205 384 2286 [είς]
410 2212 597 2285 στρατείας,
620 2209 679 2273 νῦν
709 2204 790 2272 ὅσον
811 2211 859 2283 είς
880 2207 1033 2292 τέτταρας
1056 2206 1219 2292 μυριάδας
1240 2207 1492 2289 συνεσταλμένοι

132 2305 335 2387 τυγχάνουσι
368 2309 423 2372 καὶ
453 2309 547 2388 ἐγγὺς
580 2309 641 2395 μὲν
672 2306 789 2396 ἥκουσι
823 2314 882 2376 τοῦ
915 2309 1097 2376 ὑπακούειν
1121 2308 1299 2394 Ῥωμαίων.
1343 2308 1436 2374 οὔπω
1460 2307 1492 2372 δ’

134 2412 225 2474 είσὶν
260 2407 446 2496 ὑποχείριοι
480 2414 596 2489 τελέως
626 2414 684 2478 διά
712 2416 769 2490 τὰς
797 2411 832 2478 de
859 2418 923 2480 τῶν
954 2417 1128 2499 Γερμανῶν
1156 2413 1295 2489 ἐλπίδας
1326 2410 1493 2497 πολεμίων

134 2511 241 2577 ὄντων
261 2525 332 2588 τοῖς
351 2512 534 2598 Ῥωμαίοις.
570 2519 604 2580 ln
625 2519 687 2601 ipsa
706 2519 790 2582 Dacia
812 2520 920 2581 bellum
943 2530 1058 2600 gestum
1081 2539 1145 2582 esse
1168 2520 1235 2581 inde
1257 2518 1382 2582 maxime
1404 2518 1491 2579 intel-

132 2618 253 2697 legitur,
276 2618 355 2698 quod
377 2620 479 2681 eodem
501 2622 644 2683 Strabone
667 2632 741 2685 teste
764 2624 863 2704 copiae
878 2624 1017 2686 Romanis
1040 2642 1092 2706 per
1107 2623 1256 2685 liarisium
1279 2641 1396 2684 amnem
1419 2621 1491 2683 sub-

132 2721 330 2783 vehebantur.
378 2722 457 2784 ldem
493 2724 601 2787 bellum
633 2726 726 2806 tangit
754 2728 911 2790 Suetonius
939 2727 1024 2806 (bug.
1043 2726 1111 2804 21);
1140 2731 1262 2790 coercm't
1288 2737 1314 2788 et
1347 2725 1490 2788 Dacorum

131 2829 312 2888 meursium
344 2827 436 2889 tribua
466 2847 565 2891 eorum
595 2831 713 2893 ducibus
739 2851 803 2893 cum
832 2850 938 2911 mopere
964 2834 1043 2910 copie
1073 2835 1172 2906 eaesis,
1205 2829 1316 2892 scilieet
1340 2829 1434 2891 tribus
1456 2848 1491 2889 ex

133 2938 279 3010 quattuor
300 2930 418 3010 regibus
440 2933 539 3013 populi
562 2935 775 3016 quadripartiti.
811 2935 916 2997 Florus
937 2934 1039 2996 deinde
1062 2934 1080 2995 l.
1096 2954 1121 2995 c.
1144 2933 1186 2996 sic
1207 2933 1314 3014 pergit:
1337 2937 1430 2996 uisum
1453 2942 1492 2994 est

133 3033 258 3095 Caesare·
284 3033 407 3114 demuto
437 3047 546 3116 pentem
578 3039 659 3101 aditu
693 3040 895 3121 difficillimum
924 3056 1115 3102 summouere:
1147 3041 1230 3100 αιἐιο
1258 3041 1346 3118 ipitur
1372 3035 1511 3099 Lentulo¹

131 3137 218 3198 ultro
239 3137 405 3200 ulteriorem
428 3141 555 3220 perpulit
575 3146 685 3221 αμοοις
714 3148 785 3205 cetra
803 3143 950 3222 praesidio
972 3147 1132 3205 constituto.
1176 3147 1215 3204 sie
1236 3151 1297 3203 tum
1319 3141 1410 3203 Durio
1432 3159 1490 3202 nore
1601 3195 1602 3198 ,

131 3245 228 3313 αἰτέο,
249 3243 298 3303 sed
318 3253 460 3304 sulmmoto
481 3255 563 3325 μίμεο
586 3245 676 3308 diluto
697 3258 747 3308 est.
789 3246 878 3307 Addit
899 3245 933 3318 2,
950 3245 991 3308 29
1014 3246 1138 3307 eundem
1162 3244 1319 3306 Lentulum
1343 3244 1491 3305 Sarmatas

131 3344 325 3425 prohibuisse
350 3365 366 3406 a
393 3346 533 3409 Danuvio.
578 3348 695 3411 Tacitus
724 3350 851 3429 denique
878 3367 945 3410 ann.
962 3350 996 3422 4,
1020 3350 1075 3422 44,
1103 3348 1154 3410 ubi
1179 3346 1281 3410 scribit
1308 3366 1333 3409 a.
1353 3367 1381 3426 p.
1403 3347 1433 3408 C.
1450 3345 1490 3408 25

131 3448 247 3509 obiisse
270 3448 322 3510 Cn.
342 3449 514 3526 Lentulum,
541 3451 605 3514 eius
632 3462 776 3514 memorat
797 3453 976 3515 οοιιιαίοίιιοι
996 3461 1022 3513 et
1043 3450 1231 3532 triumpbob'o
1252 3452 1286 3514 de
1311 3448 1384 3513 Gete's
1406 3449 1492 3529 (petes

129 3552 234 3628 liber),
257 3571 345 3632 quam
367 3553 522 3616 lectionem
538 3555 588 3617 diu
610 3557 804 3619 oblitteratam
827 3566 907 3619 recte
922 3555 1114 3636 Nipperdeius
1129 3555 1282 3616 revocarit.
1313 3552 1492 3632 Intellegitnr

130 3657 245 3717 consul
272 3675 298 3718 a.
315 3656 408 3733 7401)
438 3676 566 3738 eumque
593 3661 740 3740 probabile
767 3669 813 3723 est
841 3659 1055 3741 expeditionem
1083 3658 1186 3720 fecisse
1206 3659 1334 3737 legatum
1356 3656 1490 3718 Moesiae.

240 3858 260 3919 ¹)
279 3857 374 3908 Consul
396 3859 644 3926 staupponem
662 3859 717 3923 [Cre.
739 3857 882 3927 Cornelelue
897 3859 974 3926 Graj.
988 3855 1110 3909 Lentulus
1128 3873 1215 3922 augur
1233 3858 1258 3908 iu
1277 3857 1342 3907 actis
1361 3856 1492 3908 Arvalium

124 3962 159 4012 p.
177 3942 296 3994 xxxtx
318 3960 421 4011 eumque
446 3945 581 3997 Lentulum
604 3960 724 4009 augurem
747 3946 840 3996 dictum
864 3943 944 3996 luisse
967 3945 1043 3995 etiam
1068 3945 1092 3994 in
1112 3941 1184 3994 lastis
1203 3941 1355 4010 Capitolinis
1374 3949 1493 4008 excerpta

128 4033 178 4094 (G
192 4030 210 4080 Ι.
222 4029 250 4081 L
264 4030 275 4081 1
288 4049 310 4098 p.
323 4031 383 4095 546)
401 4032 545 4096 declarant3
567 4033 610 4084 Cu.
626 4031 759 4084 θοεαοίίιιι
778 4032 821 4082 o».
832 4033 861 4098 s.
875 4029 997 4082 Ιιοιιίαίιιι
1013 4031 1038 4081 io
1058 4031 1141 4080 indice
1160 4029 1289 4080 consulari
1308 4028 1395 4079 Dionis
1414 4029 1431 4078 l.
1445 4029 1492 4092 543

132 4118 186 4169 Cn.
209 4116 338 4169 Cornelius
360 4119 386 4169 in
405 4119 530 4169 laterculo
550 4119 678 4169 consulari
696 4118 790 4169 miu.V
808 4126 835 4168 et
853 4122 918 4183 apud
936 4117 1040 4168 Dionem
1059 4117 1105 4178 54,
1128 4116 1177 4178 24;
1206 4114 1249 4165 Cu.
1268 4113 1390 4165 Lentulus
1406 4131 1493 4180 οαςτιν

128 4204 206 4271 apud
225 4208 366 4269 Augustum
383 4221 450 4255 mon.
463 4207 559 4272 Aneyr.
578 4205 603 4270 3,
615 4207 656 4270 23,
675 4205 795 4254 Senecam
812 4205 843 4254 de
861 4202 943 4254 benef.
959 4204 983 4268 2,
995 4204 1037 4267 27,
1055 4203 1203 4253 Suetonium
1215 4200 1270 4251 Tib.
1283 4201 1315 4251 49
1335 4208 1361 4251 et
1379 4201 1402 4251 iu
1415 4201 1493 4251 titulo

128 4291 242 4357 Nysaeo
261 4291 288 4342 C.
305 4289 324 4341 l.
338 4289 383 4341 Gr.
398 4291 478 4354 29433
505 4289 628 4342 muetos
649 4306 735 4358 augur
753 4291 779 4342 in
796 4291 874 4341 titulo
893 4290 983 4341 liberti
1001 4289 1172 4340 Caesenatis
1187 4287 1281 4338 Albani
1298 4287 1324 4337 C.
1336 4286 1387 4350 tx,
1410 4286 1493 4349 3099,

128 4392 230 4443 megaer-
252 4375 374 4427 Lentulus
401 4379 465 4443 apud
488 4375 603 4427 Tacitum
626 4392 683 4427 ann.
701 4377 731 4438 3,
749 4375 795 4438 52;
827 4373 863 4424 Cn
897 4373 1014 4426 Lentulus
1042 4375 1065 4425 in
1090 4372 1165 4425 lastis
1191 4372 1397 4424 Cassiodoriauia
1416 4381 1443 4425 et
1466 4375 1491 4424 io

129 4461 228 4514 eiectis
250 4460 309 4512 anni
332 4461 480 4525 designandi
502 4478 578 4512 causa
601 4463 629 4513 C.
645 4460 664 4513 I.
685 4462 712 4512 L.
729 4460 746 4526 l,
766 4462 823 4512 745.
843 4463 901 4513 747.
915 4461 949 4526 Χ,
968 4461 1025 4512 885.
1039 4461 1096 4512 886.
1113 4459 1184 4513 1938.
1203 4459 1283 4509 0rell.
1301 4459 1381 4524 47143
1404 4461 1493 4526 quibus

129 4548 258 4601 omuibus
281 4549 346 4598 locis
369 4554 443 4598 extra
466 4547 567 4597 dubium
591 4554 631 4597 est
652 4548 767 4610 intellegi
790 4547 918 4598 consulem
936 4563 958 4598 a.
975 4549 1031 4598 740.
1068 4547 1154 4597 Eidem
1178 4546 1238 4598 item
1256 4546 1416 4596 attribuenda
1434 4555 1494 4598 suut

128 4649 206 4702 quae
224 4634 254 4682 de
271 4633 315 4682 Cn.
328 4631 436 4684 Lentulo
448 4631 554 4684 'l'acitue
573 4641 660 4684 narrat
678 4639 701 4697 l,
714 4635 755 4685 27.
768 4637 791 4699 2,
805 4635 846 4684 32.
865 4636 890 4695 3,
903 4634 944 4684 68.
957 4636 982 4696 4,
995 4635 1036 4684 29.
1048 4635 1089 4684 ta.
1120 4633 1182 4684 Num
1207 4639 1276 4683 reeta
1299 4648 1379 4699 nuper
1396 4634 1494 4685 monuit

129 4721 274 4772 Gustuvus
291 4719 382 4786 Zippel
401 4719 452 4784 (die
468 4717 572 4784 Loeung
592 4719 639 4771 der
655 4721 864 4772 tonmtarieeteo
880 4721 1051 4772 Proboruulu.
1073 4717 1233 4785 Kdnigsberg
1254 4720 1325 4772 1883.
1350 4735 1373 4786 p.
1386 4721 1412 4786 a)
1431 4736 1493 4785 quae

127 4809 168 4861 δο
190 4821 284 4869 augure
296 4806 455 4857 Lentulo'ad
474 4821 495 4856 a.
508 4820 532 4871 p.
547 4807 574 4856 C.
588 4807 619 4857 22
632 4807 736 4858 Tacitus
755 4807 779 4872 3,
798 4807 829 4857 52
848 4804 939 4870 refert,
957 4805 1111 4856 nullomodo
1125 4807 1261 4859 dissociari
1280 4822 1353 4872 posse
1371 4821 1385 4855 a
1406 4823 1493 4856 umre-
1519 4841 1521 4843 -

1296 4892 1334 4946 9*
