3525 5417
703 340 756 408 111,
775 341 880 396 35-39
1426 343 1467 408 73

126 559 203 613 mm3
223 539 253 600 in
275 558 333 618 quo
355 557 481 600 numero
502 538 630 618 legiones
651 538 789 600 Varianae
804 556 908 600 omnes
930 541 1060 600 fuerunt.
1097 537 1197 619 Neque
1220 547 1366 619 postrema
1382 557 1468 600 causa

125 643 206 705 cladis
227 643 365 704 Varianae
387 643 459 705 baec
479 643 536 704 fuit
557 642 718 704 Germanos
740 661 803 703 rem
825 642 963 704 habuisse
986 661 1053 703 cnm
1075 642 1207 703 exercitu
1230 641 1359 704 tironum
1369 640 1403 722 ¹).

216 747 263 807 Ill.
296 747 376 807 lnter
405 746 541 826 legiones,
571 764 645 824 quae
672 745 962 824 comprehenduntur
990 745 1123 807 numeris
1151 765 1167 807 a
1195 745 1290 826 primo
1325 745 1361 806 ad
1394 747 1469 807 duo-

125 850 273 923 decimum,
301 849 502 930 reperiuntur,
532 858 566 911 ut
588 849 662 921 diri,
690 867 944 928 quarumcumque
971 847 1112 910 memoria
1141 857 1275 928 superest
1302 867 1379 911 anno
1408 850 1469 911 759

123 953 274 1033 antiquior.
323 953 441 1015 Scilicet
469 973 544 1032 quae
569 941 698 1032 legiones
725 953 865 1014 vocabula
895 953 1125 1032 adsumpserunt
1152 971 1167 1012 a
1199 952 1286 1013 rebus
1310 962 1378 1015 ante
1401 973 1468 1014 eum

123 1076 225 1118 aunum
241 1056 331 1136 gestis
347 1057 442 1130 ducta,
465 1058 590 1119 manime
606 1056 814 1129 lllacedonicae,
830 1054 900 1117 item
917 1055 1072 1130 FretensiS,
1091 1059 1212 1117 tortasse
1228 1057 1314 1118 etiam
1332 1057 1469 1137 Hispana,

122 1160 247 1222 numeris
275 1159 332 1221 illis
362 1161 525 1223 minoribus
554 1160 853 1241 comprehenduntur.
903 1159 976 1220 Item
1006 1160 1036 1220 in
1063 1179 1098 1220 eo
1127 1177 1251 1220 numero
1279 1159 1471 1221 inveniuntur

122 1283 317 1344 quaecumque
338 1263 530 1325 nominantur
551 1265 582 1325 in
601 1263 734 1326 nummis
749 1263 930 1325 coloniarum
945 1264 981 1325 ab
997 1264 1128 1343 Augusto
1143 1263 1333 1324 deductarum
1351 1264 1470 1344 signatis

122 1369 278 1448 imperante
301 1387 345 1440 eo,
369 1386 443 1446 quae
466 1376 535 1429 sunt
558 1367 641 1428 tertia
663 1366 763 1429 neseio
785 1387 859 1447 quae
881 1387 917 1428 er
941 1367 1034 1429 tribus
1057 1367 1087 1429 in
1109 1367 1240 1430 nummis
1254 1367 1470 1441 Accitanorum,

121 1479 218 1550 quarta
241 1471 271 1531 in
294 1470 577 1550 caesaraugustanis,
600 1470 702 1551 quinta
724 1470 908 1533 Macedonica
931 1471 962 1532 in
978 1471 1194 1552 Berytensibus
1217 1471 1329 1550 quinta,
1352 1471 1471 1532 alaudae

121 1573 229 1653 opinor,
252 1574 283 1635 in
306 1574 539 1637 Emeritensibus
562 1584 592 1637 et
611 1573 859 1648 Cordubensibus
889 1583 1037 1636 seriarum
1066 1575 1155 1636 altera
1185 1583 1249 1636 utra
1272 1575 1302 1635 iu
1325 1574 1471 1636 Ruscino-

120 1677 258 1738 nensibus
280 1684 310 1738 et
325 1675 610 1757 caesaraugustanis,
633 1687 733 1740 octava
755 1678 785 1739 in
801 1677 1018 1760 Berytensibus
1041 1678 1220 1741 decimarum
1243 1678 1331 1740 altera
1354 1685 1420 1740 utra
1440 1679 1470 1739 in

215 1923 237 1989 ¹)
259 1923 327 1973 llaec
345 1937 408 1988 quac
426 1923 548 1990 proposui
574 1924 623 1975 etsi
642 1925 846 1975 coniecturarum
863 1924 988 1975 terminos
1006 1941 1055 1974 non
1075 1924 1197 1975 excedere
1217 1924 1294 1989 probe
1312 1924 1380 1988 scio,
1400 1923 1470 1975 nnllo

120 2009 187 2059 modo
206 2009 335 2060 infirmata
352 2015 412 2058 snut
430 2009 463 2059 iis
482 2024 545 2074 quae
563 2017 654 2060 eontra
672 2025 703 2060 ea
720 2011 829 2076 protulit
852 2011 960 2061 Carolus
978 2009 1073 2060 llobcrt
1090 2025 1137 2060 rur
1155 2008 1190 2060 lea
1208 2007 1304 2076 legiom
1324 2009 1471 2076 d'Anguste

120 2095 245 2164 (Comptes
261 2094 356 2146 residos
372 2093 402 2144 de
419 2093 578 2146 l’Acudimie
596 2097 640 2147 des
658 2099 818 2164 inscriptions
830 2098 846 2147 4
859 2113 881 2148 a.
898 2098 962 2148 1868
975 2113 998 2163 p.
1012 2096 1149 2159 94-107).
1185 2096 1250 2146 liclli
1262 2094 1365 2162 Illyrici
1383 2095 1471 2160 gravi·

118 2189 193 2233 tatem
211 2199 267 2233 cunr
285 2183 389 2233 elevare
407 2189 523 2246 conatur,
541 2198 591 2232 aon
609 2183 692 2233 solum
710 2198 774 2249 quae
792 2183 823 2234 dc
837 2184 912 2233 rebus
925 2183 1004 2246 gestis
1013 2182 1109 2233 tradita
1120 2181 1239 2233 babemus
1253 2183 1415 2233 considerare
1428 2184 1471 2233 de-

118 2269 180 2332 buit,
196 2269 243 2320 sed
261 2268 322 2318 item
340 2269 405 2333 quod
423 2276 528 2334 propter
541 2268 567 2318 id
580 2269 673 2319 bellum
688 2267 839 2319 Gemanica
852 2271 877 2320 in
891 2269 1039 2336 provinciae
1053 2267 1157 2320 sormam
1170 2269 1322 2333 redigendae
1336 2269 1472 2320 consilium

119 2356 247 2420 Augustus
270 2354 365 2405 abiecit
388 2370 435 2405 nec
453 2354 484 2404 ad
502 2354 527 2406 id
546 2366 692 2421 quamquain
711 2355 796 2406 vietor
814 2355 901 2419 rediit,
928 2362 954 2407 et
972 2355 1038 2422 quod
1057 2355 1153 2406 nullum
1177 2356 1256 2406 totins
1284 2355 1355 2407 illius
1378 2355 1472 2406 aetatis

119 2439 209 2491 bellum
227 2448 326 2491 tautum
352 2450 479 2492 terrorem
498 2442 635 2494 universae
653 2441 743 2492 ltaliae
762 2443 864 2507 iniecit,
885 2457 932 2509 qua
951 2443 981 2492 de
999 2457 1029 2493 re
1047 2457 1109 2508 quae
1128 2442 1270 2509 accepimus
1289 2441 1473 2492 dubitationem

119 2527 210 2578 nullam
229 2527 374 2579 admittunt.
406 2526 469 2578 Nam
488 2528 624 2580 dilectnnnr
642 2529 707 2580 ratio
727 2529 758 2580 ab
781 2530 837 2595 ipsa
860 2528 921 2579 belli
945 2529 971 2579 vi
992 2529 1074 2580 minus
1095 2528 1186 2595 pendet
1207 2544 1278 2594 quam
1300 2545 1314 2578 a
1336 2526 1471 2580 formidine

118 2613 195 2663 subiti
218 2615 351 2665 tumultus.
387 2613 505 2665 Ceterum
524 2615 655 2679 Augustus
673 2612 784 2667 sortasse
801 2631 850 2665 non
869 2622 921 2666 tam
940 2623 1044 2682 propter
1062 2615 1217 2665 rebellantes
1235 2613 1379 2667 Pannonios
1398 2630 1472 2667 exer-

118 2699 192 2750 citum
215 2701 291 2750 auxit
314 2715 385 2766 quarn
404 2717 433 2751 ea
452 2701 596 2752 rebellione
614 2717 675 2752 usus
694 2708 748 2765 est,
771 2709 801 2752 nt
818 2701 944 2765 ingratam
963 2717 1015 2752 reru
1033 2700 1130 2752 Italicis
1148 2701 1290 2752 bominibus
1309 2701 1429 2767 probaret
1447 2707 1473 2750 et

118 2785 224 2836 consilia
239 2785 298 2836 olim
312 2793 401 2852 coepta
413 2794 538 2852 tamquam
550 2788 706 2839 necessitate
718 2796 821 2839 coactns
834 2794 1013 2854 exequeretur.
1043 2786 1126 2838 lllnlto
1138 2788 1221 2838 minus
1236 2787 1338 2854 probari
1351 2794 1472 2853 poterunt

118 2872 279 2937 argumenta,
287 2872 376 2938 quibus
387 2871 513 2924 llobcrtns
527 2871 629 2924 allicere
642 2873 741 2924 studuit
752 2873 880 2938 legionum
893 2888 1022 2924 numerum
1035 2873 1181 2925 duodecimo
1194 2875 1315 2925 maiorem
1326 2874 1472 2926 habentium

118 2959 236 3024 quasdam
253 2966 312 3009 aute
331 2959 424 3010 bellum
441 2958 573 3025 illyricum
592 2960 791 3011 commemorari.
817 2959 881 3010 Nam
901 2968 1029 3027 postquam
1048 2961 1120 3012 tituli
1132 2959 1270 3012 Patreuses
1288 2961 1362 3012 nobis
1379 2960 1474 3011 uilitas

118 3045 242 3096 dederunt
259 3051 310 3095 tarn
328 3061 342 3094 ,r
361 3046 471 3110 legionis
489 3061 561 3111 quam
579 3061 620 3107 ru,
641 3045 685 3096 vix
705 3046 851 3097 invenietur
869 3046 911 3112 qui
926 3053 997 3096 notas
1012 3047 1154 3097 numerales
1167 3062 1185 3096 x
1197 3062 1232 3097 xn
1250 3048 1276 3097 in
1290 3046 1345 3097 eins
1358 3047 1474 3098 coloniae

119 3131 224 3181 nummis
248 3131 279 3181 ad
302 3131 411 3197 aquilam
435 3131 604 3196 legionariam
627 3132 771 3198 adscriptas
795 3132 825 3184 de
843 3133 944 3196 legione
964 3133 1087 3194 vigesima
1105 3135 1215 3183 secunda
1233 3133 1351 3199 accipiat.
1387 3133 1474 3202 Neque

118 3225 266 3284 propterea,
292 3218 358 3283 qnod
380 3217 448 3283 legio
471 3233 500 3268 xx
523 3219 549 3269 in
567 3217 672 3285 illyrico
691 3234 713 3268 a.
733 3217 782 3268 ⁷59
800 3215 905 3269 sortiter
923 3219 1054 3284 pugnavit,
1073 3235 1121 3268 non
1140 3219 1224 3284 potnit
1242 3218 1369 3270 conscribi
1387 3219 1474 3270 eodem

118 3319 194 3367 anseg
215 3303 341 3354 etiamad
360 3305 504 3355 Betriacum
522 3305 589 3367 legio
608 3305 720 3354 tironum
739 3303 821 3355 ‘ieron
840 3311 866 3355 et
885 3305 945 3355 novi
963 3304 1064 3356 decoris
1083 3304 1165 3356 avida¹
1183 3311 1330 3356 veteranam
1343 3305 1473 3372 splendide

118 3388 227 3453 devicit,
250 3389 395 3456 similiaque
414 3391 507 3457 passim
525 3397 704 3441 memorantur.
740 3392 794 3443 Nec
817 3406 906 3442 reruni
930 3398 970 3441 est
992 3389 1055 3442 lelix
1078 3393 1125 3442 hoc
1147 3390 1271 3458 procliuru
1289 3391 1321 3441 ad
1339 3391 1394 3456 ipsa
1414 3390 1474 3442 belli

118 3477 222 3528 exordia
246 3477 415 3541 pertinuisse,
439 3492 494 3528 cnm
517 3485 584 3528 teste
602 3476 684 3528 Dione
702 3478 743 3544 55,
762 3478 795 3528 ab
812 3477 967 3529 Messalinus
990 3479 1096 3545 primum
1115 3493 1129 3528 a
1148 3477 1242 3528 llatone
1260 3477 1345 3528 victus
1363 3477 1474 3528 secundo

118 3563 215 3629 proelio
235 3564 352 3629 superior
370 3564 480 3628 abierit3
499 3580 571 3630 quam
590 3565 621 3613 ob
639 3579 693 3614 rem
711 3563 762 3614 etsi
773 3564 874 3615 Velleio
888 3565 1020 3615 credemus
1032 3565 1114 3632 prima
1127 3563 1191 3614 belli
1203 3571 1302 3614 aestate
1317 3549 1474 3614 commissum

117 3665 182 3711 esse,
200 3649 287 3701 subite
305 3650 413 3702 rebellio
432 3667 504 3717 quarn
522 3651 583 3702 item
602 3659 725 3702 memorat
742 3658 788 3702 aut
805 3651 835 3700 ad
854 3647 953 3701 locatos
972 3651 1115 3701 adulatoris
1134 3651 1236 3701 colores
1255 3651 1369 3718 pertinet
1381 3657 1426 3701 ant
1438 3651 1475 3700 in-

118 3738 266 3803 tellegenda
287 3745 328 3789 est
348 3739 379 3788 dc
400 3739 501 3789 vicibus
526 3738 589 3789 belli
608 3738 793 3805 posterioribus
811 3737 970 3789 renascentis
988 3743 1047 3802 post
1064 3737 1159 3802 quietis
1178 3737 1352 3788 intervallum.
1387 3735 1475 3803 Itaque

119 3824 181 3875 nillil
196 3825 289 3889 obstat,
309 3825 440 3891 quominus
461 3825 526 3875 lianc
550 3825 675 3889 legionem
697 3831 839 3876 statuamus
863 3841 893 3874 eo
917 3825 972 3891 ipso
992 3838 1056 3874 anno
1076 3823 1100 3873 iu
1118 3821 1195 3874 ltalia
1214 3823 1382 3891 conscriptam
1401 3825 1475 3875 serni·

117 3910 216 3976 plenam
245 3912 376 3961 etiamtum
399 3910 445 3960 sub
468 3910 608 3961 Messalino
626 3925 748 3977 prospere
775 3911 801 3962 in
819 3909 926 3978 illyrico
944 3924 1077 3976 pugnasse.
1094 3937 1126 3946 -
1147 3910 1283 3974 Legionem
1308 3909 1397 3961 deinde
1421 3926 1475 3961 rrrn

117 3998 241 4060 geminam
260 3996 379 4047 liar-tiam
396 3996 530 4047 victricem
548 4004 609 4047 autc
621 3995 759 4048 Robertnm
778 4012 849 4048 nemo
869 3996 959 4063 opinor
978 3997 1096 4046 inventus
1116 3997 1216 4063 estqui
1235 3995 1403 4048 confunderet
1420 4012 1475 4047 curn

117 4083 218 4146 legione
236 4083 331 4134 Martia
349 4083 426 4133 dicta.
437 4098 541 4132 numero
559 4089 663 4134 carente
682 4083 776 4133 aetatis
788 4082 979 4145 Ciceronianae,
998 4098 1053 4132 cnm
1071 4075 1221 4148 pracsertim
1238 4083 1407 4150 antiquissimi
1420 4084 1475 4150 qni-

118 4185 164 4234 que
178 4169 250 4220 illius
262 4169 333 4220 tituli
350 4175 401 4218 tam
414 4167 556 4219 britannici
569 4183 641 4232 quam
654 4167 798 4220 Germanici
811 4167 965 4235 (composuit
977 4183 1020 4219 eos
1033 4169 1110 4219 Stille
1122 4169 1182 4220 hist.
1196 4169 1321 4234 legionum
1334 4187 1356 4237 p.
1369 4171 1476 4238 etseq.)

118 4257 175 4306 solo
193 4256 309 4317 geminae
328 4254 452 4306 vocabulo
472 4261 576 4303 utantur
595 4270 675 4320 neque
694 4255 804 4306 Martiae
822 4269 957 4317 cognomen
971 4255 1051 4305 adhuc
1065 4255 1195 4306 inventurn
1209 4257 1314 4308 sitente
1329 4273 1351 4306 u.
1365 4274 1387 4324 p.
1402 4257 1429 4308 C.
1443 4259 1476 4309 66

119 4343 231 4404 (Heraea
251 4343 328 4404 titt)
346 4341 497 4392 attributum
515 4339 626 4391 fortasse
640 4342 665 4392 ei
676 4350 782 4408 propter
795 4341 930 4391 victoriam
944 4341 1115 4392 britannicam
1128 4358 1150 4392 a.
1165 4343 1205 4392 62.
1223 4369 1256 4380 —
1272 4343 1384 4410 lienique
1397 4344 1476 4408 gomi·

119 4444 162 4480 uas
175 4429 290 4493 legiones
303 4428 367 4495 quod
379 4427 418 4478 ait
430 4426 556 4479 liebertus
568 4425 610 4492 (ei.
626 4429 763 4480 Brambach
777 4429 804 4480 C.
817 4427 834 4478 l.
849 4427 894 4478 lllr.
908 4426 985 4494 prael.
999 4445 1021 4495 p.
1034 4443 1054 4483 x
1066 4428 1133 4492 adn.)
1147 4429 1267 4479 eiusmodi
1281 4430 1377 4481 dilectu
1390 4431 1476 4482 nullas

120 4515 222 4566 institui
238 4515 351 4582 potuisse
370 4521 457 4580 utpote
476 4514 513 4564 sic
531 4513 671 4580 appellatas
689 4523 813 4581 tamquam
832 4530 865 4564 ex
882 4515 951 4565 binis
970 4512 1060 4579 lactas,
1078 4529 1141 4581 quae
1160 4514 1277 4567 vocabuli
1296 4517 1475 4584 interpretatio

118 4602 181 4652 alibi
200 4602 282 4653 locum
300 4600 376 4653 habet
396 4601 499 4663 (Cacsar
517 4602 540 4652 b.
558 4619 579 4652 c.
600 4602 624 4666 3,
637 4603 666 4666 43
683 4601 731 4653 Dio
751 4603 791 4667 55,
805 4602 862 4667 2³),
885 4609 968 4653 tamen
996 4601 1108 4666 geminas
1133 4603 1195 4653 duas
1217 4619 1258 4654 rrrr
1281 4610 1307 4655 et
1327 4583 1383 4654 ¹nrru
1401 4605 1475 4668 louge

119 4688 279 4753 probabilius
301 4694 341 4738 est
359 4703 448 4738 nomen
466 4687 524 4737 iude
544 4689 670 4751 traxisse,
697 4689 762 4754 quod
789 4689 864 4739 simul
888 4695 961 4738 natac
986 4694 1012 4738 et
1037 4687 1161 4740 lormatae
1178 4693 1252 4754 suut;
1279 4696 1384 4756 propter
1411 4691 1476 4756 quod

121 4789 162 4825 eas
181 4791 230 4826 non
248 4775 330 4825 minus
348 4780 420 4825 recte
438 4774 550 4838 geminas
567 4775 690 4842 appellari
709 4775 821 4842 potuisse
839 4790 911 4824 nemo
932 4776 1021 4840 opinor
1040 4775 1150 4839 negabit.
