3525 5417
260 348 303 412 34
900 341 939 411 Π,
960 344 973 398 1

260 524 373 587 monins
402 524 471 586 alias
499 523 643 586 obsoletas
665 524 761 604 (Suet.
776 524 850 602 Aug.
867 521 921 602 31)
944 523 980 584 ab
1001 522 1134 602 Augusto
1156 523 1316 586 instaurata
1339 524 1476 586 videntur
1497 543 1564 586 esse
1587 533 1618 584 et

259 629 476 709 quodammodo
497 629 677 701 resuscitata,
700 627 825 689 conferri
848 626 965 707 poterit,
989 627 1067 706 quod
1091 626 1167 689 Nero
1183 627 1287 690 Caesar
1310 628 1474 691 Germanioi
1496 631 1516 688 1.
1540 629 1617 690 adu-

258 733 436 795 lescentulus
463 724 502 793 in¹
521 731 607 795 titulo
634 731 721 792 Oceli.
744 729 829 792 2366
850 757 894 784 =
915 730 945 792 C.
962 730 1007 803 VI,
1031 730 1092 792 913
1121 730 1283 812 appellatur
1308 733 1416 810 fiumen
1442 733 1616 813 Augustalis,

257 837 363 904 satae
384 838 553 917 Augeatalt's,
575 835 679 898 sodales
703 835 799 907 Titius,
820 837 915 916 semer
936 836 1055 906 eruatis,
1078 836 1193 915 fetialis,
1216 847 1358 917 quaestor.

781 1231 956 1308 OAPVT
983 1234 1083 1308 VIII

334 1445 398 1487 mr.
415 1426 470 1501 2,1
498 1425 690 1487 rauiciorum
725 1444 883 1488 numerum
917 1427 983 1487 auri
1017 1425 1122 1488 consul
1158 1427 1294 1506 quintum
1331 1428 1414 1490 iussu
1447 1429 1549 1510 populi
1583 1439 1618 1491 et

502 1529 672 1605 senatus.§

310 1652 355 1694 cn.
372 1633 401 1708 4,
421 1652 435 1694 e
457 1652 470 1692 s
502 1633 575 1696 Τῶν
596 1628 799 1716 [cooptetur
820 1632 877 1695 τὸν
896 1627 1046 1714 ἀριθμὸν
1061 1624 1182 1716 εὕξησα
1196 1633 1264 1714 (sio)
1279 1635 1433 1717 πέμπτον
1453 1633 1456 1716 Ι
1476 1629 1618 1716 baedae

444 1754 470 1797 to
497 1733 648 1823 ἐπιψγῇ
669 1735 727 1797 τοῦ
748 1758 783 1796 τε
805 1732 911 1817 δήμου
935 1735 989 1796 καὶ
1012 1737 1067 1818 τῆς
1091 1734 1286 1819 συνκλήζτου.
1310 1741 1328 1812 §

258 1867 291 1926 ln
314 1864 430 1927 Graecis
452 1884 507 1945 pro
528 1869 609 1927 tusae
629 1885 684 1928 nec
710 1861 822 1948 γνώμῃ
846 1866 910 1940 ruit,
940 1866 1017 1946 quod
1047 1866 1254 1942 Kirchhoffius,
1277 1886 1332 1930 nee
1353 1865 1506 1949 δόγματι,
1529 1871 1613 1948 quod

254 1968 396 2048 bergbius
423 1970 592 2050 proposuit,
620 1970 670 2031 sed
696 1987 763 2030 cum
787 1971 917 2049 supersit
940 1991 1025 2030 arur
1050 1971 1153 2050 (arur
1176 1971 1306 2048 Perrot),
1334 1972 1519 2034 scribendum
1543 1993 1614 2035 esse

255 2070 397 2160 ἐπιταγῇ
418 2072 490 2134 vidit
505 2072 765 2146 Domaszewskius,
787 2072 875 2152 idque
890 2075 986 2136 solum
1003 2084 1062 2137 mm
1078 2076 1187 2156 populo
1202 2086 1303 2156 aptum
1320 2085 1365 2137 est
1379 2096 1467 2156 quam
1483 2079 1614 2140 senatui.

353 2177 439 2237 Anno
460 2197 491 2241 n.
507 2196 531 2239 c.
549 2177 620 2251 725,
642 2197 701 2256 quo
724 2176 828 2238 consul
850 2177 907 2239 ruis
928 2178 1076 2258 quintum,
1105 2180 1210 2241 Caesar
1236 2179 1425 2260 patriciorum
1449 2199 1613 2245 numerum

255 2278 878 2360 311111(Τεο.1ιιη.11,25.11105242).
929 2281 1010 2343 Fecit
1043 2283 1073 2343 id
1108 2283 1205 2344 tabula
1237 2290 1312 2345 teste
1342 2287 1423 2345 iussu
1450 2284 1553 2364 populi
1582 2298 1614 2348 et

255 2394 380 2458 saeuus
403 2384 513 2447 scilicet
540 2405 575 2445 ex
598 2385 659 2462 lege
683 2384 787 2445 Saenia
810 2385 890 2462 (Tac.
906 2385 925 2444 l.
941 2385 990 2466 a),
1018 2406 1106 2466 quam
1134 2386 1202 2448 tulit
1231 2387 1294 2448 sine
1322 2388 1411 2450 dubio
1433 2387 1464 2449 L.
1483 2390 1613 2450 Saenius

254 2489 358 2550 consul
384 2506 437 2569 per
458 2507 574 2550 menses
596 2486 668 2548 Nor.
684 2495 714 2548 et
736 2486 803 2549 Dec.
819 2508 844 2548 a.
862 2489 934 2564 724,
963 2499 993 2550 et
1020 2509 1055 2550 ex
1083 2499 1202 2552 senatus
1232 2491 1366 2553 consulto
1392 2511 1409 2552 a
1435 2491 1527 2553 Dione
1555 2495 1612 2572 qui

254 2593 289 2653 de
311 2593 373 2672 lege
397 2600 472 2653 tacet
493 2599 724 2654 commemorato
747 2593 778 2662 (l.
794 2611 834 2652 c.:
857 2593 913 2674 τῆς
935 2591 1055 2676 βουλῆς
1078 2590 1111 2655 οἳ
1133 2592 1239 2676 δῆθεν
1261 2593 1488 2680 satrapeam
1509 2598 1611 2660 τοῦτο

254 2697 418 2780 ποιῆσαι),
442 2716 500 2776 quo
522 2698 557 2758 de
580 2716 613 2756 ea
634 2715 666 2755 re
688 2696 724 2756 au
745 2691 838 2774 legem
862 2696 941 2758 illam
964 2697 1138 2778 perficienda
1154 2699 1323 2773 cavebatur;
1346 2719 1415 2761 nam
1430 2710 1497 2780 post
1510 2701 1610 2780 legem

251 2804 340 2863 latam
373 2801 491 2862 demum
525 2803 635 2861 sactum
668 2817 733 2860 esse
765 2808 886 2862 senatus
920 2801 1089 2864 consultum
1126 2821 1236 2881 neque,
1274 2823 1348 2882 quae
1386 2805 1529 2866 sententia
1559 2817 1612 2868 est

253 2904 391 2985 Zumptii,
421 2906 514 2983 legem
543 2904 631 2964 iatam
659 2922 724 2964 esse
751 2922 788 2963 ex
814 2905 870 2966 hoc
893 2925 916 2966 s.
932 2925 957 2968 o.
981 2905 1110 2966 ostendit
1137 2906 1235 2967 tabula
1261 2905 1421 2986 Ancyrana.
1474 2907 1611 2970 Consen-

252 3017 370 3070 taneum
398 3016 498 3070 autem
526 3015 571 3068 est
598 3007 661 3086 lege
687 3006 744 3067 lata
765 3027 791 3068 a.
808 3007 870 3068 724
893 3019 1024 3071 extremo
1055 3010 1207 3071 Gaesarem
1236 3009 1272 3070 ad
1300 3009 1436 3090 patricios
1464 3013 1609 3073 creandos

251 3131 312 3173 non
334 3111 491 3173 accessisse
513 3120 580 3172 ante
603 3118 742 3171 aestatem
765 3129 791 3171 a.
808 3111 878 3184 725,
902 3133 961 3192 quo
983 3123 1116 3193 tempore
1142 3111 1228 3172 rediit
1250 3111 1380 3173 Romam.
1403 3147 1445 3157 -
1467 3114 1609 3176 Ceterum

253 3217 333 3296 quod
355 3216 457 3276 scribit
478 3214 531 3276 Dio
553 3214 617 3294 (49,
635 3213 688 3293 43)
710 3223 794 3275 antea
824 3217 881 3277 ianr
905 3235 930 3277 a.
948 3237 976 3278 u.
993 3236 1017 3278 o.
1035 3216 1092 3276 721
1116 3214 1255 3295 ,patricios
1284 3233 1300 3276 a
1327 3214 1449 3276 Caesare
1476 3216 1610 3278 adiectos

251 3339 324 3393 esse,
347 3319 424 3381 haud
448 3318 508 3380 scio
529 3337 568 3379 an
582 3336 642 3377 non
658 3325 735 3378 recte
752 3318 910 3381 tradiderit.
948 3320 1120 3399 Resragatur
1134 3317 1214 3379 enim
1229 3318 1292 3399 ipse
1307 3319 1467 3398 Augustus,
1490 3321 1540 3400 qui
1554 3341 1611 3382 se-

251 3425 381 3487 cundum
405 3421 493 3484 buius
507 3421 711 3482 commentarii
726 3421 897 3484 Institutum
913 3424 949 3485 de
963 3422 1106 3485 eiusmodi
1121 3421 1231 3502 nogotii
1246 3422 1419 3502 repetitione
1435 3432 1527 3485 tacere
1543 3444 1610 3487 non

252 3528 367 3602 debuit3
394 3530 559 3605 refragatur
579 3523 697 3586 Tacitus
719 3525 739 3585 1.
754 3545 789 3600 c.‚
819 3526 870 3588 ubi
896 3527 1048 3590 Claudium
1078 3525 1179 3587 scribit
1206 3526 1343 3607 patricios
1370 3527 1475 3606 legisse
1502 3529 1611 3607 paucis

251 3632 310 3692 iam
333 3630 453 3710 reliquis
475 3628 652 3690 familiarum
675 3637 866 3704 vetustarum,
895 3632 1038 3694 entmustt's
1058 3627 1152 3702 etiam,
1181 3649 1251 3710 gaus
1273 3631 1394 3694 dictator
1418 3631 1523 3694 Caesar
1546 3632 1611 3712 tege

253 3735 351 3797 Cosst'o
372 3745 398 3796 et
416 3737 549 3814 princeps
571 3731 714 3810 Augustus
735 3733 793 3813 lege
814 3733 922 3796 Saenia
942 3733 1102 3813 sublegere3
1130 3734 1292 3812 refragatur
1315 3733 1439 3813 denique
1461 3737 1522 3815 ipsa
1544 3754 1610 3796 res

249 3838 323 3899 Nam
346 3836 438 3898 initiis
458 3835 640 3917 principatus
662 3845 783 3914 apparet
809 3837 874 3916 ipso
901 3838 974 3914 iure
990 3835 1168 3899 creationem
1196 3836 1272 3897 hanc
1299 3837 1425 3918 principi
1452 3857 1510 3898 non
1537 3858 1611 3900 esse

249 3940 435 4021 permissam,
458 3941 510 4001 sed
532 3958 606 4018 opus
628 3938 720 4000 fuisse
735 3939 770 4000 ad
786 3959 850 4001 eam
865 3959 929 4002 rem
945 3938 1104 4020 privilegio,
1127 3940 1224 4020 qualia
1240 3942 1360 4001 suerunt
1374 3951 1609 4004 commemorata

248 4045 268 4104 1.
291 4063 353 4105 ca
380 4043 495 4119 Tacito,
526 4063 581 4105 nec
607 4043 721 4123 patricii
747 4045 816 4105 sacti
843 4043 980 4105 videntur
1007 4062 1071 4104 esse
1101 4062 1116 4104 a
1145 4044 1327 4125 principibus
1353 4054 1422 4105 ante
1449 4045 1608 4108 Claudium

249 4148 307 4209 uisi
330 4147 443 4208 duabus
464 4148 521 4208 illis
544 4146 742 4209 creationibus
763 4146 907 4209 institutis
934 4167 969 4207 ex
995 4146 1108 4226 legibus
1131 4149 1229 4210 Cassia
1255 4156 1285 4209 et
1308 4147 1420 4209 Saenia.
1465 4149 1609 4210 Claudius

249 4251 363 4332 primus
385 4251 451 4327 fuit,
473 4251 519 4313 cui
541 4250 732 4332 patriciorum
755 4251 863 4313 creatio
885 4270 944 4312 non
964 4251 1146 4332 principatus
1160 4251 1233 4324 iure,
1256 4251 1308 4312 sed
1324 4259 1472 4330 nmquam
1488 4255 1609 4313 censori

250 4356 478 4436 permitteretur,
502 4375 592 4436 eaque
614 4355 759 4417 ordinatio
782 4355 900 4430 mansit,
923 4355 1015 4416 donec
1036 4355 1197 4436 imperante
1213 4354 1377 4416 Domitiano
1400 4373 1540 4416 censurae
1556 4355 1609 4418 ius

249 4467 423 4540 perpetuum
458 4479 526 4521 cum
560 4459 726 4541 principatu
762 4459 954 4521 coniunctum
989 4468 1034 4520 est
1065 4459 1252 4538 (Steotsreebt
1273 4458 1292 4518 2
1316 4479 1344 4538 p.
1363 4459 1467 4536 1046).
1516 4459 1609 4531 Quod

249 4563 303 4624 Dio
325 4564 441 4625 videtur
462 4564 613 4643 ignorasse
635 4582 763 4644 suaeque
785 4563 888 4625 aetatis
908 4563 1161 4636 consuetudinem,
1185 4583 1240 4642 qua
1256 4562 1415 4642 imperator
1430 4570 1502 4641 quot
1517 4562 1611 4626 vellet

248 4666 423 4748 quandoque
450 4668 535 4729 vellet
563 4667 699 4748 patricios
720 4671 816 4728 faeere
837 4675 964 4747 poterat,
996 4666 1070 4728 maie
1092 4667 1241 4727 rettulisse
1263 4667 1299 4727 ad
1321 4673 1445 4728 aetatem
1467 4666 1609 4745 Augusti.

248 4770 391 4852 Rergkius
413 4772 492 4851 quod
515 4771 618 4833 statuit
637 4791 663 4832 a.
680 4770 739 4831 721
757 4791 866 4852 paucas
882 4779 997 4834 tantum
1015 4779 1116 4849 gentes
1131 4770 1256 4832 adiectas
1271 4789 1336 4832 esse
1351 4769 1443 4831 videri
1457 4778 1488 4830 et
1502 4770 1608 4834 minus
