3525 5417
242 1544 307 1610 DE
329 1543 629 1612 ITERA'PIONE
652 1541 974 1613 LEGATIONVM
998 1539 1356 1611 COROLLARIVM.

736 1665 765 1718 (v.
780 1677 803 1722 p
817 1664 873 1718 rsa).

223 1775 342 1854 Legatio
363 1773 528 1856 provinciae
550 1773 674 1837 alieuius
697 1793 763 1836 cum
787 1795 846 1837 non
870 1776 964 1856 possit
986 1774 1043 1836 dici
1070 1775 1173 1836 iterata
1200 1773 1258 1835 nisi
1286 1775 1386 1837 eadem
1410 1793 1480 1855 pro-

118 1877 217 1939 vincia
239 1877 335 1939 denuo
357 1887 501 1959 suscepta,
524 1897 562 1939 ne
584 1887 648 1940 tum
672 1878 802 1958 quidem,
824 1898 892 1940 cum
915 1879 1021 1958 legatio
1043 1877 1173 1939 eiusdem
1196 1876 1363 1957 provinciae
1385 1877 1479 1938 eidem

118 1981 237 2042 homini
269 1981 314 2043 bis
347 1982 491 2056 defertur,
525 1982 641 2044 iteratio
669 2001 787 2063 semper
816 1982 913 2043 locum
942 1981 1038 2044 habet.
1087 1981 1130 2041 Er
1159 1979 1244 2042 titulo
1271 1980 1304 2042 P.
1319 1979 1483 2043 Pactumeii

118 2085 282 2147 Clementis
304 2085 436 2163 (Clllll,
461 2085 544 2147 7059
565 2111 609 2138 =
630 2085 747 2148 llenzen
770 2104 799 2147 n.
820 2085 934 2163 6483),
961 2085 1011 2147 ubi
1043 2083 1085 2146 sic
1117 2092 1176 2146 est:
1207 2086 1341 2166 praetori
1360 2085 1482 2156 urbano,

118 2188 213 2268 legato
235 2190 296 2251 diui
314 2188 461 2251 Hadriani
481 2188 519 2250 od
539 2192 663 2251 rationes
691 2193 847 2253 ciuitatium
868 2187 972 2268 Syriae
999 2190 1159 2269 putandos,
1188 2188 1278 2269 legato
1304 2187 1427 2249 eiusdem
1452 2190 1483 2248 in

121 2289 232 2362 Cilicio,
256 2293 368 2353 cornuti
381 2295 421 2373 (p.
434 2291 465 2353 C.
481 2291 541 2353 138
556 2291 621 2372 ipso
637 2292 791 2366 nundinio,
812 2312 870 2372 quo
887 2291 1051 2354 Hadrianus
1067 2291 1214 2366 excessit),
1231 2291 1319 2372 legato
1334 2295 1366 2353 in
1383 2289 1483 2352 Cilicio

118 2397 187 2473 imp.
204 2395 342 2457 Antonini
354 2396 434 2476 Aug,
457 2404 578 2475 apparet
598 2395 772 2474 legationem
794 2394 859 2456 iure
881 2395 993 2458 finitam
1017 2403 1112 2456 morte
1141 2395 1204 2457 eius
1231 2394 1282 2475 qui
1307 2395 1424 2474 legarat,
1453 2391 1483 2453 id
1518 2455 1519 2458 ,

119 2503 167 2557 est
189 2496 338 2571 Hadriani,
367 2499 510 2561 Clementi
537 2517 747 2561 asuccessore
775 2499 920 2561 redditam
953 2518 1026 2561 esse.
1069 2498 1194 2560 Videtur
1219 2507 1318 2559 antem
1348 2495 1483 2558 Clemens

120 2598 216 2677 magis
247 2600 431 2663 consrdatum
465 2601 572 2663 absens
605 2600 729 2681 gessisse
762 2619 821 2664 una
855 2621 924 2664 cum
959 2601 1075 2663 Ciliciae
1108 2601 1361 2664 administratione
1394 2617 1482 2681 quam

121 2709 246 2781 propter
274 2721 343 2764 eum
371 2703 515 2783 legatione
542 2703 649 2765 abiisse
678 2714 708 2766 et
734 2723 802 2767 mox
831 2706 915 2768 linito
943 2705 1097 2767 consulatu
1130 2705 1160 2767 in
1188 2705 1317 2768 Ciliciam
1352 2703 1482 2776 rediisse,

121 2822 303 2884 quamquam
334 2805 391 2867 hoc
412 2805 521 2888 placuit
543 2806 704 2885 Borghesio
727 2807 816 2882 (Ball.
832 2807 906 2888 Nep.
936 2826 1030 2870 nunus
1061 2808 1091 2884 2,
1107 2809 1147 2870 35
1163 2835 1207 2862 =
1221 2827 1289 2889 opp.
1306 2807 1325 2869 8
1354 2826 1383 2886 p.
1400 2804 1483 2881 393).

123 2909 228 2989 ltaque
249 2929 427 2990 quamquam
451 2929 483 2971 re
505 2909 680 2989 legationem
713 2910 904 2986 continuavit,
930 2911 995 2973 iure
1021 2913 1140 2973 alteram
1171 2910 1312 2991 suscepit3
1340 2908 1418 2989 quod
1445 2909 1485 2970 ita

123 3032 191 3074 esse
213 3013 319 3075 debere
340 3033 401 3076 non
423 3014 559 3093 ignorant
579 3013 614 3086 ii,
642 3012 694 3093 qui
720 3013 789 3092 quid
819 3013 859 3075 sit
880 3015 1051 3077 mandatum
1081 3013 1237 3096 imperium
1261 3012 1352 3094 probe
1375 3010 1485 3074 didice-

122 3124 205 3178 runt.
242 3115 431 3178 iterationem
454 3124 553 3177 autem
570 3115 705 3178 Clemens
727 3134 788 3177 nou
804 3117 987 3196 significavit,
1010 3117 1148 3198 qnoniam
1164 3116 1350 3198 imperatoris
1365 3115 1486 3178 nomine

122 3219 272 3299 adscripto
293 3219 452 3300 legationes
473 3219 548 3281 duae
571 3219 653 3280 datas
682 3219 718 3280 ab
747 3219 894 3282 Hadriano
917 3221 1016 3294 altera,
1039 3221 1128 3282 altera
1147 3241 1163 3282 a
1184 3220 1238 3282 Pio
1253 3219 1308 3281 etsi
1321 3238 1352 3281 re
1367 3219 1484 3281 eaedem

123 3331 226 3385 tamen
258 3322 322 3385 iure
344 3323 492 3386 dillerunt.
538 3322 681 3385 Similiter
703 3324 738 3385 od
761 3324 888 3404 epistota
911 3325 1039 3386 officium
1062 3323 1102 3385 ita
1124 3324 1231 3404 pendet
1252 3323 1289 3384 ab
1310 3323 1488 3403 imperatore

123 3425 175 3488 cui
202 3426 270 3506 quis
300 3428 397 3501 adest,
427 3436 461 3489 ut
489 3426 634 3489 moriente
662 3427 839 3507 imperatore
866 3427 930 3489 iure
960 3427 1105 3501 solvatur,
1133 3426 1201 3488 licet
1227 3445 1259 3488 re
1285 3427 1485 3488 continuetur.

123 3529 169 3592 lta
191 3529 223 3591 in
246 3530 331 3592 titulo
352 3529 489 3591 Africano
505 3531 572 3592 Sex.
588 3530 728 3593 Caecilius
751 3531 893 3592 Crescens
915 3529 1090 3592 Volusianus
1113 3531 1157 3608 (C.
1172 3529 1245 3603 Vlll,
1264 3530 1358 3610 1171)
1380 3529 1488 3591 dicitur

125 3633 163 3694 ol
187 3633 313 3713 epistulas
336 3635 397 3697 divi
415 3632 561 3707 Amerini,
585 3634 620 3695 od
643 3633 769 3713 apostulis
790 3634 991 3714 Augustorum,
1016 3633 1126 3695 scilicet
1147 3632 1236 3694 llarci
1257 3640 1287 3694 et
1308 3631 1390 3708 Veri3
1416 3631 1487 3694 item

125 3737 157 3797 in
189 3735 302 3797 urbano
330 3736 375 3814 (C.
403 3735 449 3810 Vl,
472 3736 534 3799 798
559 3764 604 3790 =
623 3736 712 3798 Orell.
738 3737 812 3813 801)
835 3736 888 3799 Cn.
912 3736 1051 3798 Octauius
1074 3735 1200 3798 Titinius
1223 3735 1324 3817 Capito
1346 3734 1380 3810 is,
1404 3734 1488 3796 cuius

125 3837 158 3900 in
182 3837 317 3918 epistulis
339 3839 381 3913 (1,
400 3839 449 3899 l'l.
483 3837 583 3919 8,12)
605 3839 718 3901 Plinius
741 3838 892 3914 meminit,
919 3858 999 3919 proc.
1024 3840 1059 3901 od
1080 3839 1207 3920 spatulis
1229 3849 1255 3901 et
1277 3842 1490 3919 apotas'monio

126 3977 171 3988 -
185 3940 237 4003 ubi
259 3941 439 4021 intellegitur
457 3941 632 4017 Domitiano,
655 3944 739 4006 cuius
761 3962 871 4005 nomen
894 3942 981 4004 solito
1005 3961 1087 4004 more
1109 3959 1301 4022 suppressum
1325 3949 1379 4015 est,
1403 3949 1433 4002 et
1454 3940 1490 4002 ab

127 4044 263 4126 epistulis
285 4063 352 4106 eum
375 4045 468 4107 luisse
490 4055 520 4108 et
540 4055 761 4127 procuratorem
784 4065 800 4107 a
822 4045 1001 4126 patrimonio
1025 4048 1074 4118 (ci.
1091 4045 1252 4107 llirschleld
1281 4044 1491 4124 Vernultungs-

129 4149 237 4210 leonte
258 4165 288 4227 p.
304 4146 379 4223 2110)
395 4183 446 4224 -,
468 4151 630 4212 iterumad
654 4149 779 4231 epistulas
802 4151 862 4212 diei
884 4148 997 4212 Neruas
1013 4195 1020 4210 .
1037 4195 1044 4209 .
1061 4195 1068 4210 .
1084 4195 1103 4222 .,
1126 4149 1162 4212 od
1185 4149 1295 4229 epistad
1319 4151 1400 4210 tertio
1421 4151 1489 4227 imp.

128 4249 243 4313 Nervae
266 4249 382 4314 eaeor.
410 4251 530 4316 Troiani
548 4254 620 4333 Aug.
645 4251 710 4314 Ger.
753 4251 795 4313 Eo
825 4252 947 4314 nomine
973 4252 1003 4314 in
1026 4251 1120 4313 tribus
1146 4251 1238 4313 titulis
1261 4251 1355 4312 officia
1378 4251 1491 4312 diverse

131 4362 272 4434 concepta
294 4363 373 4428 sunt,
402 4355 482 4435 quod
510 4356 645 4418 Clemens
671 4363 701 4416 et
723 4353 898 4416 Volusianus
921 4354 997 4435 apud
1021 4354 1120 4436 plures
1142 4355 1334 4434 imperatores
1356 4361 1491 4435 suscepta

131 4474 192 4516 non
216 4455 414 4533 dinumerant,
442 4457 609 4522 dinumerat
635 4457 751 4538 Capit03
778 4465 876 4537 potest
898 4457 1052 4537 utriusque
1075 4475 1146 4520 usus
1168 4455 1242 4518 ratio
1264 4456 1360 4530 reddi,
1387 4475 1492 4535 quam-

132 4578 220 4640 quam
243 4559 293 4621 ille
315 4560 417 4621 stricto
440 4560 504 4623 iure
526 4561 620 4642 magis
642 4561 876 4623 commendatur.

233 4664 271 4726 m
292 4663 342 4725 uhi
364 4665 513 4745 provincia
535 4685 595 4728 non
625 4666 809 4747 exprimitur,
838 4663 955 4726 etiamsi
978 4662 1108 4725 diversae
1136 4663 1195 4724 sint
1223 4661 1403 4744 provinciae,
1433 4681 1493 4725 non

136 4766 233 4848 inepte
255 4766 372 4829 iteratio
394 4767 524 4850 ponitur.
569 4771 610 4832 lta
633 4770 716 4834 adest
729 4770 761 4831 in
776 4769 862 4832 titulo
878 4769 1107 4850 Superaequano
1123 4765 1167 4847 (C.
1183 4766 1231 4840 lll,
1248 4765 1332 4830 3306
1346 4793 1389 4820 =
1404 4766 1493 4828 Orell.

1284 4868 1334 4921 12*
