3525 5417
736 285 759 350 1,
779 284 884 338 tt-ce
1440 289 1479 351 21

134 463 229 525 maior
254 463 281 526 ei
307 462 460 542 obtigerat.
502 462 578 524 llum
606 470 704 524 autem
733 482 892 526 numerum
920 463 1004 526 nobis
1030 482 1090 525 uon
1113 463 1213 525 datum
1236 473 1281 526 est
1302 483 1484 546 recuperare,

133 584 189 628 nec
216 576 330 628 certum
358 586 426 628 eum
453 567 484 628 in
510 565 606 628 indice
632 566 818 628 enuntiatum
841 567 941 628 luisse.
985 567 1065 640 Quae
1088 577 1294 630 remanserunt
1314 569 1402 630 rerba
1424 588 1484 630 uon

132 668 171 731 ita
198 670 359 750 supplenda
386 689 465 742 esse,
494 678 529 731 ut
554 670 650 731 adhuc
674 672 735 731 iere
757 670 961 750 explebantur:
983 671 1020 748 [et
1041 671 1235 732 tautummodo
1258 673 1383 750 lourlau,
1412 673 1485 754 lapis

132 773 235 835 docuit
258 775 423 835 accuratius
450 772 617 853 inspectus3
646 791 714 834 nam
744 782 812 853 post
839 773 966 854 spatium
994 773 1098 834 litteris
1127 793 1250 836 vacuum
1279 775 1412 855 sequitur
1434 771 1484 844 „L

131 875 284 937 residuum
307 896 343 938 ex
365 875 460 938 littera
483 897 491 935 r
514 877 559 937 vel
581 877 663 937 uvel
686 896 716 945 u,
738 895 796 938 non
813 895 848 937 ex
864 897 967 950 srru,
990 876 1094 938 deinde
1109 885 1175 957 post
1190 877 1303 940 hiatum
1319 879 1483 941 litterarum

130 979 285 1041 duodecim
308 998 549 1042 vs·ner>osvr.
588 979 666 1040 llaec
688 978 803 1040 diverso
825 979 913 1040 modo
936 979 1044 1059 expleri
1067 989 1219 1060 poterunt,
1246 982 1371 1062 exempli
1397 1001 1484 1045 causa

129 1083 210 1161 iltere
237 1103 320 1164 saepe
348 1084 459 1161 lourbu
484 1084 529 1145 vel
554 1084 593 1161 i[e
618 1100 655 1144 em
686 1083 764 1145 bellis
790 1081 915 1160 leucium
943 1082 999 1143 boc
1026 1083 1051 1144 si
1073 1103 1174 1146 rerum
1197 1093 1250 1156 est,
1273 1084 1421 1164 Augustus
1444 1086 1485 1148 ait

129 1207 164 1248 eo
186 1187 300 1249 bonore
317 1195 387 1248 tum
410 1195 526 1248 tantum
549 1206 580 1248 se
602 1204 688 1246 usum
711 1205 785 1258 esse,
807 1205 875 1247 cum
899 1185 1049 1266 triumpho
1072 1187 1188 1249 decreto
1207 1188 1249 1249 uti
1272 1188 1370 1251 nollet.
1408 1190 1484 1251 Ante

128 1295 160 1351 in
188 1289 328 1371 Capitolio
359 1290 550 1352 interstitium
582 1288 713 1350 cernitur
737 1297 769 1350 et
796 1288 921 1368 virgula,
959 1297 992 1350 ut
1020 1309 1053 1353 ea
1081 1290 1168 1352 rerba
1196 1309 1264 1351 cum
1295 1291 1484 1370 sequentibus

127 1392 252 1474 iungere
279 1411 433 1473 cogamur,
469 1391 526 1455 uisi
558 1395 633 1454 torte
659 1392 783 1473 placebit
811 1410 879 1453 cum
908 1392 1031 1472 Bergkio
1059 1392 1185 1471 cogitare
1214 1392 1249 1455 de
1274 1392 1357 1473 lapsu
1380 1393 1483 1456 labrili.

127 1531 169 1540 —
185 1497 366 1558 Graecorum
388 1496 527 1577 reliquiae
549 1495 668 1575 exiguae
689 1495 738 1556 rix
759 1495 846 1558 ullam
871 1495 1026 1557 utilitatem
1043 1495 1166 1568 habent3
1188 1496 1267 1576 quod
1281 1497 1386 1576 legitur
1400 1516 1426 1557 r.
1445 1497 1483 1558 12

127 1609 213 1673 extr,
229 1609 328 1681 potest
341 1599 432 1662 tuisse
450 1597 496 1679 [dae
510 1591 636 1662 τούτων
654 1599 720 1662 τῶν
741 1597 905 1680 rioldum
924 1596 982 1680 τήν
994 1594 1157 1680 [δάφνην];
1177 1617 1204 1659 ι.
1223 1598 1261 1660 13
1276 1609 1348 1662 extr.
1365 1618 1483 1662 reman-

127 1704 166 1765 sit
188 1702 268 1783 [reik
289 1694 396 1780 εὐχάς.

230 1807 416 1886 Quamquam
443 1807 479 1869 ad
506 1804 611 1868 indicis
632 1806 719 1868 rerba
741 1812 820 1866 recte
841 1804 1007 1885 accipienda
1030 1803 1059 1866 id
1088 1823 1148 1866 non
1177 1805 1313 1887 pertinet,
1342 1825 1402 1868 non
1431 1807 1483 1869 abs
1585 1786 1589 1797 ¹

127 1930 160 1972 re
183 1909 242 1972 erit
263 1929 412 1990 quaerere,
434 1911 484 1989 qui
505 1918 620 1990 praeter
641 1908 804 1989 principem
827 1927 861 1970 ea
882 1917 976 1969 aetate
997 1908 1142 1971 consulari
1165 1907 1345 1988 praeteriere
1359 1909 1483 1990 imperio

126 2013 298 2085 utebantur,
320 2019 420 2074 utrum
443 2011 478 2073 ad
501 2021 635 2074 uotorum
659 2011 907 2091 nuncupationem
930 2012 1124 2090 lictorumque
1147 2013 1182 2074 ad
1209 2023 1320 2093 portem
1343 2012 1483 2094 adsump-

128 2117 242 2177 tionem
269 2115 448 2194 egredientes
470 2115 591 2178 admissi
612 2115 673 2177 sint
693 2117 823 2196 itemque
844 2115 1041 2194 regredientes
1061 2116 1095 2175 ad
1112 2126 1246 2177 votorum
1263 2116 1437 2177 solutionem
1454 2125 1484 2178 et

125 2219 231 2280 laurus
268 2217 491 2298 depositionem.
546 2218 583 2280 lit
618 2217 809 2299 proconsules
847 2219 965 2298 quidem
999 2218 1109 2280 iustum
1142 2219 1298 2299 imperium
1333 2220 1482 2294 habentes,

126 2321 258 2385 maxime
286 2322 316 2383 in
343 2321 469 2382 Africam
497 2322 547 2402 qui
574 2323 767 2384 mittebantur
791 2331 859 2385 aute
882 2323 1004 2396 Gaium,
1033 2323 1095 2384 sine
1123 2322 1211 2384 dubio
1239 2322 1268 2383 in
1297 2322 1343 2384 bis
1365 2341 1482 2402 quoque

126 2427 284 2506 antiquum
306 2424 353 2486 ius
375 2425 570 2487 retinuerunt.
606 2424 721 2507 Reliqui
742 2426 932 2508 proconsules
954 2435 988 2488 ut
1002 2425 1095 2505 gladio
1111 2424 1297 2506 (Stoutereobt
1313 2422 1349 2485 1²
1363 2445 1390 2505 p.
1408 2426 1482 2503 419)

125 2529 167 2591 ita
190 2547 227 2590 eo
249 2547 366 2608 quoque
388 2527 480 2608 magis
503 2529 638 2590 ridentur
652 2529 789 2591 caruisse.
820 2529 919 2609 Legati
935 2530 1120 2610 imperatoris
1135 2548 1202 2590 curu
1219 2528 1375 2608 imperium
1392 2528 1482 2590 habe-

125 2642 195 2695 rent
222 2651 277 2713 pro
306 2641 440 2712 praetore
467 2630 686 2709 (Stuotorecbtl
708 2652 736 2713 p.
753 2633 837 2707 234),
860 2653 913 2714 per
936 2652 966 2694 se
988 2635 1024 2695 ad
1047 2633 1132 2694 hasce
1155 2630 1344 2694 caerimonias
1367 2631 1482 2694 admitti

125 2743 299 2815 potuerunt,
322 2752 418 2814 neque
438 2733 507 2795 inde
528 2735 606 2815 quod
629 2735 813 2816 imperatoria
835 2743 928 2796 aetate
951 2735 986 2796 ab
1008 2736 1072 2816 ipso
1088 2735 1238 2814 triumpho
1253 2735 1484 2816 prohibebantur

125 2839 158 2918 (l.
175 2857 201 2899 c.
220 2839 236 2898 1
262 2857 290 2917 p.
316 2837 407 2914 127),
434 2839 599 2900 necessario
626 2837 759 2917 sequitur
786 2837 874 2899 etiam
899 2838 1025 2900 minores
1048 2838 1102 2899 hos
1124 2839 1251 2900 bonores
1273 2838 1309 2900 iis
1331 2838 1483 2918 ademptos

125 2959 201 3002 esse.
247 2939 284 3002 Et
300 2941 458 3002 Suetonius
480 2940 597 3020 quidem
614 2942 693 3020 quod
709 2940 811 3002 scribit
824 2942 897 3020 lug.
914 2940 971 3004 29:
994 2946 1092 3004 sonuit
1107 2939 1292 3020 (Augustus),
1307 2951 1338 3004 ut
1353 2942 1386 3003 de
1402 2943 1482 3004 bellis

125 3043 333 3125 triumphisque
354 3043 399 3105 bic
422 3044 465 3118 tin
480 3044 550 3105 aede
565 3044 665 3105 blartis
680 3043 803 3123 Ultoris)
819 3044 1014 3107 consuleretur
1029 3057 1150 3116 ιιιιιιιιιι,
1171 3049 1332 3124 procinctus
1347 3065 1411 3107 cum
1426 3049 1481 3106 ιἰιι-

123 3152 208 3228 perio
228 3150 349 3227 petituri
361 3145 425 3208 binc
441 3147 648 3210 deducerentur
662 3153 760 3230 quique
774 3152 891 3210 victores
907 3149 1050 3218 redissent,
1072 3149 1126 3210 buc
1140 3151 1261 3228 uunquid
1275 3148 1484 3228 triumpborum

127 3251 296 3332 conferrent
317 3259 347 3311 et
361 3249 531 3332 explicatius
547 3251 600 3313 llio
623 3252 729 3326 55,1u
751 3251 829 3312 inter
849 3251 995 3332 privilegia
1017 3252 1110 3314 eidem
1134 3251 1197 3313 aedi
1218 3270 1244 3312 a.
1261 3250 1322 3312 752
1345 3251 1483 3312 attributa

125 3372 285 3415 recensens
307 3351 383 3426 τοὺς
404 3351 463 3416 ἐπὶ
484 3351 542 3427 τὰς
564 3350 666 3435 ἀρχὰς
686 3353 744 3428 τὰς
759 3349 922 3436 ἐνδήμους
937 3350 1169 3437 παλλομένους
1185 3352 1317 3416 ἐκεῖθεν
1331 3347 1484 3436 ἀφορμᾶ-

125 3460 216 3518 σθαι
238 3453 296 3530 τάς
317 3479 352 3517 τε
372 3453 502 3536 γνώμας
523 3457 581 3530 τὰς
602 3457 680 3538 περὶ
702 3457 764 3518 τῶν
787 3459 982 3540 νικητηρίων
1004 3455 1072 3520 leet
1091 3457 1150 3541 τὴν
1165 3453 1286 3540 βουλην
1301 3458 1482 3520 ποιεῖσθαι

125 3559 184 3621 καὶ
211 3558 289 3632 τοὺς
316 3553 514 3643 πέμψαντας
547 3553 631 3620 αὐτὰ
662 3559 708 3639 τῷ
733 3555 822 3641 Ἄρει
855 3556 959 3644 τούτῳ
993 3559 1049 3622 καὶ
1081 3559 1119 3622 τὸ
1146 3559 1312 3642 σκῆπτρον
1340 3559 1397 3620 καὶ
1426 3559 1484 3621 τὸν

126 3664 294 3744 στέφανον
321 3656 519 3726 ἀνατιθέναι
547 3659 603 3724 καὶ
631 3657 776 3733 ἐκείνους
802 3683 837 3722 ce
864 3660 920 3722 eorl
947 3660 1022 3736 τοὺς
1050 3659 1169 3735 ἄλλους
1194 3661 1272 3734 τοὺς
1293 3657 1351 3736 τὰς
1373 3660 1483 3725 ἐπινι-

126 3767 222 3837 κίους
247 3763 345 3845 τιμὰς
374 3761 602 3847 λαμβάνοντας
629 3761 664 3827 ἐν
689 3764 729 3849 τῇ
750 3756 856 3846 ἀγορᾷ
876 3761 1016 3842 χαλκοῦς
1039 3765 1210 3837 ἵστασθαι,
1233 3764 1337 3827 suadet
1359 3783 1428 3827 sane
1451 3773 1485 3829 ut

126 3877 293 3930 statuamus
315 3866 402 3929 etiam
425 3868 534 3947 legatos
555 3867 742 3948 imperatoris
764 3867 800 3929 ad
822 3887 873 3929 eos
896 3869 1022 3930 honores
1045 3867 1189 3929 admissos
1205 3887 1283 3942 esse;
1306 3877 1390 3930 erant
1403 3867 1483 3930 enim

126 3971 192 4033 sine
216 3971 304 4033 dubio
319 3990 386 4032 cum
402 3971 525 4052 imperio
541 3981 570 4034 et
584 3980 663 4033 recte
685 3981 752 4033 vota
773 3990 828 4033 suo
849 3971 970 4033 nomine
992 3989 1163 4052 nuncupare
1185 3980 1319 4051 poterant
1333 3973 1483 4052 fascesque

126 4076 163 4138 ad
187 4083 301 4156 portam
325 4093 451 4137 sumere.
483 4076 540 4137 Sed
556 4075 653 4136 obstat
675 4073 824 4136 edentium
847 4087 1002 4138 auctorum
1026 4075 1062 4136 de
1083 4075 1228 4136 eiusmodi
1250 4075 1439 4137 sollemnibus
1455 4083 1485 4136 et

126 4179 289 4240 abhorrent
315 4177 437 4240 omnino
461 4179 498 4240 ab
526 4178 590 4240 eius
617 4177 719 4240 aetatis
746 4177 851 4258 spiritu
874 4187 940 4239 vota
962 4177 1002 4240 ita
1024 4199 1040 4241 a
1062 4178 1174 4260 priuato
1197 4188 1348 4259 suscepta;
1372 4187 1484 4259 potest-

127 4301 187 4361 que
213 4281 277 4344 fieri
305 4291 339 4344 ut
366 4283 463 4364 ipsum
490 4283 562 4346 illud
585 4281 621 4343 de
642 4281 712 4343 aede
734 4279 834 4342 llartis
856 4290 977 4343 senatus
1000 4283 1167 4345 consultum
1189 4282 1224 4344 ad
1247 4301 1297 4344 eos
1320 4282 1397 4344 solos
1422 4300 1484 4343 ma-

128 4385 268 4465 gistratus
289 4386 472 4468 pertinuerit,
495 4388 602 4468 quibus
620 4398 655 4446 re
677 4384 751 4446 bene
774 4393 853 4463 gesta
880 4383 928 4446 ius
955 4395 1034 4447 esset
1055 4386 1084 4448 in
1109 4387 1301 4467 triumphum.
1346 4385 1483 4448 Ceterum

128 4488 207 4568 quod
229 4508 346 4564 corona,
369 4508 401 4551 ea
424 4490 535 4551 scilicet
555 4507 629 4568 quae
651 4506 741 4569 super
762 4496 851 4569 eaput
872 4489 1082 4568 triumphantis
1105 4489 1318 4560 sustinebatur,
1341 4499 1371 4551 et
1394 4489 1484 4569 scipio

128 4591 277 4655 eburneus
298 4593 384 4654 llarti
399 4601 615 4664 consecrantur,
639 4609 699 4652 nou
713 4591 845 4673 impedit,
868 4591 1029 4673 quominus
1045 4594 1075 4656 in
1091 4595 1217 4676 palmam
1233 4603 1263 4654 et
1278 4593 1352 4655 lauri
1366 4611 1482 4655 ramum

129 4694 191 4758 lori
212 4694 373 4777 Capitolino
395 4695 549 4777 antiquum
572 4695 619 4760 ius
641 4695 791 4758 manserit.
