3525 5417
244 335 307 398 114
838 332 872 399 V,
891 333 995 388 λύε-31

241 507 405 590 βασιλέως
427 506 533 591 ὄνομα
555 508 589 584 ἐς
610 509 669 594 τὴν
690 508 870 594 ἐπιστολὴν
892 510 935 594 μὴ
957 505 1130 595 ἐγγράψας
1151 509 1207 573 καί
1228 508 1287 594 τὴν
1301 507 1476 590 βασιλείαν
1491 509 1598 594 δῆθεν

241 612 318 696 παρ’
341 608 441 676 αὗτού
463 609 577 701 ᾔτησε·
603 611 733 686 τούτοις
754 607 813 676 ούν
834 609 1002 693 ὑπαχθεὶς
1022 613 1078 676 καὶ
1100 612 1157 677 τὸν
1180 609 1328 694 πόλεμον
1343 606 1412 694 άμα
1427 613 1489 675 τῶν
1506 611 1597 693 Πάρ-

241 715 316 779 θων
338 716 504 798 φοβηθεὶς
531 715 572 778 τά
598 740 633 779 τε
663 716 755 799 δῶρα
780 714 914 788 ἐδέξατο
937 716 992 779 καὶ
1015 717 1084 798 μετ’
1107 715 1254 780 ἐλπίδων
1275 708 1376 778 αὐτὸν
1397 717 1544 799 χρηστῶν
1566 714 1599 790 ἐς

241 816 299 901 τὴν
320 819 444 900 Συρίαν
470 817 555 901 πρδς
580 817 637 881 τὸν
664 815 764 884 Γάιον
789 817 906 883 ἐλθεῖν
936 819 1109 902 ἐκέλευσε).
1154 820 1212 881 Sed
1237 827 1305 881 ante
1332 837 1421 898 qnam
1444 819 1534 882 Gaius
1563 839 1598 882 eo

241 921 330 994 venit,
352 921 491 1001 Tigranes
513 923 545 984 in
567 923 676 1003 proelio
692 934 791 986 contra
809 924 948 986 barbaros
963 925 1122 986 commisso
1136 923 1309 986 interfectus
1324 933 1379 994 est,
1394 921 1482 984 Erato
1498 933 1599 985 autem

241 1043 330 1103 regno
359 1045 390 1086 se
417 1026 561 1088 abdicarit
587 1027 652 1101 (llio
675 1029 818 1101 55,1o.:
846 1030 968 1110 καίπερ
994 1027 1053 1090 τοῦ
1080 1023 1244 1110 Τιγράνου
1272 1024 1307 1087 ἐκ
1335 1024 1483 1108 πολέμου
1510 1025 1600 1100 τινος

179 1137 184 1147 ’
241 1125 445 1211 βαρβαρικοῦ
471 1130 660 1211 φθαρέντος
686 1129 742 1192 καὶ
769 1130 825 1213 τῆς
842 1129 989 1212 Ερατούς
1015 1127 1074 1212 τήν
1095 1126 1197 1212 ἀρχὴν
1218 1124 1390 1212 ἀφείσης),
1417 1130 1447 1192 id
1470 1131 1549 1210 quod
1573 1131 1599 1191 si

241 1250 300 1292 non
322 1251 338 1292 a
360 1230 477 1293 Parthis
499 1232 580 1312 ipsis,
603 1243 681 1294 eerte
703 1233 911 1313 instigantibus
934 1234 970 1295 iis
992 1237 1103 1296 laetum
1118 1241 1178 1307 est;
1201 1250 1269 1294 nam
1285 1241 1441 1312 postquam
1457 1233 1599 1313 Tigranes

240 1336 373 1414 Angusto
396 1355 427 1396 se
450 1335 588 1409 subiecit,
611 1346 841 1400 consentaneum
864 1347 910 1399 est
931 1337 1107 1400 Parthorum
1131 1335 1287 1398 factionem
1311 1354 1379 1398 eum
1402 1338 1599 1399 adversariam

240 1438 388 1501 babuisse.
436 1442 575 1520 Spectant
601 1461 635 1502 eo
663 1440 749 1502 rerba
777 1441 885 1520 quibus
912 1439 1034 1502 Ovidius
1063 1439 1187 1501 inertis
1214 1440 1372 1501 amatoriae
1398 1439 1473 1501 libro
1501 1441 1599 1521 primo

241 1541 281 1620 (r.
306 1541 378 1618 195)
406 1541 485 1603 edito
512 1561 538 1603 a.
562 1543 623 1603 752
651 1543 754 1605 Gaium
781 1543 950 1623 adloquitur
976 1543 1080 1604 ducem
1104 1543 1283 1605 destinatum
1306 1543 1501 1624 expeditionis
1523 1565 1600 1626 qnae

241 1644 398 1724 parabatur
424 1643 455 1705 in
477 1645 664 1707 Armeniam:
694 1666 758 1708 enm
780 1647 833 1709 tibi
851 1652 909 1708 siret
929 1648 1048 1725 fratres,
1070 1648 1181 1726 fratres
1202 1647 1337 1709 ulnscere
1358 1647 1457 1721 laesos,
1480 1669 1600 1731 eumqate

237 1757 322 1828 poter
343 1748 395 1809 tibi
413 1753 457 1822 sit,
478 1753 547 1810 iuro
561 1760 640 1811 tuere
650 1755 757 1831 patris:
780 1752 875 1812 induit
891 1769 975 1812 ormo
989 1751 1041 1812 tibi
1051 1754 1164 1829 genitor
1177 1754 1341 1831 patriaeque
1357 1761 1494 1832 tuusqne;
1515 1752 1600 1814 bostis

241 1851 276 1912 ob
299 1855 388 1913 invito
409 1869 499 1932 regna
516 1864 636 1932 parente
659 1859 743 1934 rapit.
774 1853 875 1915 Parthi
897 1853 988 1932 igitur
1009 1872 1025 1914 a
1046 1852 1187 1915 Romanis
1201 1853 1396 1934 culpabantur
1409 1854 1440 1915 in
1455 1854 1598 1917 Armenia

241 1953 270 2015 e't
291 1953 383 2034 patris
404 1953 450 2016 ius
473 1964 503 2016 et
524 1957 647 2019 fratrum
669 1957 803 2031 laesisse3
825 1957 876 2018 ubi
891 1959 995 2018 fratres
1017 1957 1153 2019 ridentur
1167 1976 1232 2018 esse
1247 1957 1387 2036 Tigranes
1403 1957 1439 2018 lV
1455 1966 1485 2018 et
1500 1957 1599 2032 Erato,

242 2066 325 2139 pater
351 2059 430 2120 idem
452 2059 606 2138 Tigranes,
633 2061 807 2123 Phraataces
833 2060 1000 2123 insimulari
1028 2061 1092 2122 illos
1121 2079 1212 2140 regno
1240 2062 1354 2140 privare
1383 2061 1454 2121 velle
1476 2071 1601 2123 etcum

241 2161 277 2222 iis
305 2161 427 2243 stirpem
450 2162 583 2241 Tigranis
609 2164 673 2225 loco
701 2172 824 2245 paterno
851 2163 968 2242 pellere.
1013 2163 1087 2225 Utut
1114 2174 1159 2226 est
1185 2165 1268 2244 (narn
1291 2163 1321 2224 id
1343 2163 1440 2244 ipsum
1464 2166 1545 2244 quod
1566 2166 1602 2226 in

241 2272 340 2326 mente
367 2264 470 2328 habuit
496 2276 595 2347 poeta,
627 2267 712 2329 nobis
739 2285 800 2328 non
821 2266 921 2328 datum
946 2276 991 2328 est
1013 2267 1164 2346 adsequi),
1193 2267 1344 2347 Augustus
1367 2285 1434 2329 cum
1458 2279 1601 2330 extraneo

242 2367 309 2429 duci
330 2368 532 2430 Armeniacam
562 2370 776 2450 expeditionem
802 2369 974 2450 permittere
1001 2370 1093 2431 nollet
1119 2370 1258 2446 (Zonaras
1288 2371 1337 2444 10,
1353 2369 1408 2432 26:
1436 2371 1501 2432 τῶν
1527 2367 1601 2452 Ἅρ-

241 2471 363 2551 μενίων
390 2467 427 2532 δὲ
448 2469 712 2554 νεωτερισάντων
734 2472 790 2535 καὶ
812 2473 878 2535 τῶν
902 2469 1051 2554 Πάρθων
1080 2467 1195 2546 αὐτοῖς
1221 2468 1463 2552 συνεργούντων
1491 2467 1603 2550 ἀλγῶν

241 2566 300 2635 ἐπὶ
329 2572 457 2646 τούτοις
487 2570 506 2636 δ
532 2571 724 2652 Αὔγουστος
750 2568 871 2659 ἠπόρει
895 2578 927 2637 τί
955 2571 997 2636 ἄν
1024 2571 1151 2658 πράξῃ·
1182 2571 1257 2638 οὔτε
1285 2573 1347 2656 γάρ
1375 2569 1472 2648 αὐτὸς
1501 2591 1602 2660 στρα-

240 2674 355 2738 τεῦσαι
384 2659 454 2748 οἶος
481 2698 517 2739 τε
538 2671 577 2758 ἦν
598 2674 658 2738 διὰ
677 2680 791 2764 γῆρας,
824 2674 844 2740 ὅ
865 2701 900 2740 τε
927 2680 1155 2763 Τιβέριος
1178 2681 1313 2762 μετέστη
1338 2675 1415 2762 ἤδη,
1439 2676 1540 2742 ἄλλον
1562 2677 1603 2741 δέ

240 2801 315 2844 τινα
336 2783 473 2863 πέμψαι
495 2779 560 2844 τῶν
575 2779 723 2846 δυνατῶν
738 2777 796 2845 οὐκ
811 2779 958 2864 ἐτόλμα),
982 2791 1100 2844 coactus
1116 2801 1168 2864 per
1182 2782 1299 2863 aliquod
1315 2793 1432 2863 tempus
1447 2785 1602 2864 quiescere

241 2903 268 2946 a.
283 2885 404 2946 demum
427 2884 498 2958 753,
521 2904 589 2946 cnm
613 2886 701 2948 Gaius
722 2887 801 2948 filins
824 2885 995 2946 vicesimum
1019 2903 1130 2947 annum
1152 2885 1310 2965 attigisset,
1338 2905 1407 2948 eum
1429 2886 1461 2948 in
1485 2887 1601 2968 Syriam

241 2987 332 3050 misit.
376 2990 437 3050 lam
463 3007 532 3050 vero
561 3009 629 3050 cum
652 2999 720 3052 ante
742 2990 899 3051 adrentum
923 2988 986 3051 eius
1009 2999 1039 3051 et
1059 2990 1232 3052 Artavasdes
1254 2989 1376 3052 obiisset
1398 2999 1428 3051 et
1450 2990 1602 3070 Tigranes

242 3091 347 3166 Gaius,
377 3100 412 3152 nt
437 3091 478 3154 ait
504 3092 654 3172 Augustus
680 3093 758 3175 ipse,
794 3092 962 3154 Armeniam
990 3095 1147 3172 regendam
1175 3093 1295 3156 tradidit
1324 3093 1512 3156 Ariobarzani
1539 3095 1603 3174 regi

241 3194 393 3257 Medorum
416 3197 492 3275 regis
514 3197 681 3260 Artavasdis
703 3196 764 3258 filio
786 3196 813 3257 ei
835 3196 871 3256 de
894 3216 953 3276 quo
976 3215 1064 3278 supra
1086 3197 1222 3259 diximus.
1261 3197 1458 3260 Consentiunt
1479 3198 1601 3260 Tacitus

241 3316 309 3359 ann.
333 3297 365 3372 2,
385 3297 422 3358 3:
453 3297 484 3360 C.
509 3297 616 3360 Caesar
712 3300 937 3362 Ariobarzanem
968 3304 1075 3380 origine
1106 3299 1222 3362 Medum
1249 3302 1282 3362 ob
1309 3305 1447 3381 διείρηται
1474 3306 1604 3382 corporis

240 3402 368 3482 βονυιοοι
393 3412 419 3463 et
444 3402 629 3482 praeclarum
654 3408 782 3465 animuin
807 3403 965 3465 nolentibus
988 3405 1129 3465 Armeniis
1155 3404 1294 3484 praefecit
1322 3413 1352 3466 et
1373 3403 1404 3466 in
1427 3405 1601 3466 universnm

241 3504 455 3578 ui055,10.:
485 3501 517 3567 oi
528 3500 696 3587 Ἀρμίνιοι
720 3501 1015 3586 ..Ἀριοβαρζάνει
1038 3507 1104 3568 τινὶ
1129 3502 1249 3588 Μήδῳ,
1274 3501 1310 3579 ὃς
1332 3527 1414 3568 ποτε
1436 3507 1520 3588 μετὰ
1541 3510 1602 3570 τοῦ

247 3603 427 3688 Τιριδάτου
455 3608 537 3690 πρὸς
564 3606 639 3683 τούς
663 3606 845 3692 Ῥωμαίους
877 3605 1000 3691 άφῖιιτο
1034 3607 1272 3689 παρεδίδοντο,
1306 3630 1485 3691 quemquam
1519 3613 1602 3675 bunc

241 3719 362 3793 apparet
382 3711 561 3791 ignoravisse
582 3733 650 3776 eum
674 3733 735 3775 non
758 3713 889 3775 ‘Medum
913 3712 1072 3793 quendam'
1096 3713 1202 3789 fuisse,
1231 3716 1283 3776 sed
1306 3715 1415 3776 Mediae
1437 3735 1546 3796 regem,
1568 3727 1603 3778 et

241 3817 289 3876 vix
318 3833 419 3876 verum
448 3815 567 3879 tradidit
589 3819 625 3879 de
647 3817 710 3879 eius
733 3835 801 3879 oum
824 3816 954 3877 Tiridate
975 3816 1011 3878 ad
1033 3815 1181 3879 Romanos
1204 3817 1339 3880 adventu.
1384 3818 1457 3880 Nam
1484 3819 1600 3882 venisse

242 3918 278 3980 ad
300 3919 467 3997 Augustum
495 3938 563 3981 enm
593 3931 821 3983 consentaneum
845 3930 890 3982 est
912 3939 979 3982 cum
1003 3928 1084 4000 patre
1107 3920 1263 3983 Artavasde
1290 3941 1315 3982 a.
1340 3921 1414 3996 724,
1442 3942 1503 3985 non
1530 3935 1601 4005 post

242 4030 381 4102 quattuor
415 4026 476 4083 fere
504 4040 597 4084 annos
629 4044 698 4087 omn
726 4025 855 4086 Tiridate
882 4025 1004 4098 Partbo;
1037 4024 1209 4104 videturque
1235 4025 1282 4087 hio
1313 4045 1395 4089 error
1421 4027 1599 4090 coniunctus

242 4145 307 4188 esse
333 4144 401 4187 cnm
428 4127 520 4188 altero
548 4127 649 4189 Dionis
679 4132 777 4209 fugam
807 4129 945 4190 Tiridatis
972 4131 1116 4190 referente
1146 4128 1182 4189 ad
1211 4148 1236 4189 a.
1261 4130 1331 4190 724.
1375 4131 1470 4211 Elegit
1498 4141 1597 4194 antem

241 4232 392 4311 Augustus
414 4248 482 4291 eum
505 4231 693 4312 potissimum
716 4252 776 4294 non
800 4233 895 4294 solum
916 4232 953 4294 ob
969 4251 1017 4294 eas
1033 4251 1145 4306 causas,
1168 4251 1241 4313 quas
1263 4233 1381 4294 Tacitus
1403 4234 1521 4308 indicet,
1547 4237 1598 4297 sed

242 4343 390 4415 praeterea
422 4334 500 4414 quod
524 4333 614 4414 stirps
635 4335 714 4414 regia
736 4335 888 4397 Medorum
913 4355 979 4398 eum
1003 4335 1139 4398 Armenia
1162 4345 1227 4396 tum
1249 4334 1383 4396 videlicet
1403 4337 1532 4398 extincta
1553 4339 1598 4400 af-

242 4437 309 4499 finis
331 4446 394 4498 erat
416 4441 454 4511 (r.
472 4436 625 4499 Strabonis
648 4438 735 4500 verba
757 4458 844 4519 supra
867 4460 896 4520 p.
911 4441 970 4501 110
994 4439 1088 4500 adlata
1103 4440 1206 4501 collato
1222 4439 1285 4500 loco
1301 4438 1434 4500 Suetonii
1449 4440 1522 4520 Aug.
1540 4439 1595 4502 48:

242 4560 321 4622 repes
348 4545 435 4603 socios
463 4547 548 4603 etiarn
575 4545 649 4604 inter
674 4546 748 4622 ipsos
769 4545 1019 4606 necessitudinibus
1041 4548 1149 4604 mininis
1170 4547 1274 4617 irrnnit,
1294 4545 1520 4623 promptissimis
1543 4545 1599 4606 cd·

241 4646 360 4726 finitatis
386 4651 519 4727 cuiusque
548 4656 630 4726 etque
657 4648 796 4707 οιαιόιλιόο
825 4645 989 4708 conciliator
1017 4658 1043 4709 et
1069 4645 1183 4726 suntor)
1206 4656 1236 4707 et
1257 4645 1336 4726 quod
1358 4665 1453 4726 nuper
1475 4647 1599 4708 Artanes

243 4760 301 4811 tam
317 4748 472 4811 Armeniae
493 4769 581 4829 quam
598 4749 706 4811 Mediae
721 4747 945 4828 imperitaverat.
975 4749 1199 4812 Ariobarzanem
1214 4750 1293 4830 qood
1309 4748 1474 4811 volentibus
1489 4751 1593 4810 Arme-
