3525 5417
788 271 841 339 III,
862 273 931 327 1-6
1496 275 1537 339 55

179 455 227 516 nit
241 473 308 516 cum
325 453 487 516 secundum
502 472 591 535 supra
606 454 682 516 dicta
697 457 807 516 tactum
823 473 887 515 esse
903 453 1036 515 videatur
1046 472 1070 514 a.
1082 452 1146 514 752
1162 451 1330 532 incipiente,
1347 471 1414 513 cum
1431 453 1538 515 Lucius

179 577 292 620 anuum
309 576 372 618 xnn
391 567 444 619 aut
464 557 638 637 explevisset
659 567 711 620 aut
732 558 902 637 expleturus
925 566 1011 630 esset,
1034 576 1060 617 v.
1077 557 1095 617 3
1120 565 1220 618 utrum
1244 574 1307 617 nun
1329 555 1419 617 luerit
1439 575 1476 618 an
1492 577 1537 632 xv,

179 661 295 724 deliniri
314 680 375 722 non
397 669 504 742 potest.
527 699 569 709 —
591 661 632 722 lie
654 660 788 723 censorio
809 665 914 723 iuuere
928 660 993 724 vide
1008 659 1142 723 Tacitum
1157 679 1226 722 ann.
1245 659 1292 732 13,
1309 659 1344 734 2;
1366 660 1537 740 iliarquard-

179 767 256 828 tium
269 765 447 827 meten
460 766 488 837 1,
501 764 578 839 3403
592 765 764 830 Stootsrecltt
780 766 816 826 1²
828 785 856 846 p.
870 766 942 827 425.
965 764 1072 826 lustitii
1088 772 1207 846 propter
1222 771 1349 826 mortem
1362 765 1393 826 C.
1407 765 1536 828 Caesaris

177 868 281 932 indicti
303 868 504 931 meminerunt
523 868 590 930 lasti
612 868 897 950 Ripatransonenses
920 871 959 944 (v.
982 869 1056 930 inira
1079 868 1115 929 ad
1138 869 1166 940 5,
1190 866 1253 947 24).

279 973 466 1052 Principatus
492 971 654 1034 iuventutis
677 981 793 1054 praeter
813 991 953 1035 nummos
976 973 1137 1052 titulosque
1158 979 1188 1032 et
1210 969 1303 1032 Taciti
1325 970 1423 1033 locum
1446 991 1536 1053 supra

180 1077 287 1140 relatos
302 1077 352 1156 (et.
368 1077 440 1138 item
452 1075 626 1138 Stoourectt
640 1076 659 1136 2
675 1097 703 1158 p.
717 1075 793 1156 800)
809 1077 946 1139 meminit
960 1095 996 1138 ex
1005 1076 1096 1138 Ilione
1108 1075 1235 1137 Zonaras
1253 1075 1301 1148 10,
1318 1073 1357 1135 35
1374 1075 1409 1136 de
1421 1073 1492 1137 Gaio
1507 1085 1537 1140 et

178 1180 271 1242 Lucio
291 1198 427 1241 narrans:
450 1173 469 1241 ὁ
488 1175 683 1256 Αὔγουστος
706 1224 777 1242 ....
799 1175 980 1262 πρόκριτον
996 1175 1146 1262 ἀπέφηνε
1161 1177 1217 1261 τῆς
1232 1172 1384 1261 νεότητος
1399 1177 1536 1262 ἴλαρχον

176 1306 214 1346 τε
235 1282 340 1367 φυλῆς
361 1283 521 1360 γενέσθαι
544 1273 719 1365 ἐπέτρεψε,
746 1301 926 1364 quamquam
950 1293 980 1346 ct
1002 1284 1037 1345 de
1058 1291 1179 1344 auctore
1201 1281 1322 1343 honoris
1345 1290 1376 1344 et
1396 1282 1427 1344 in
1450 1284 1535 1346 annis

176 1396 264 1450 errat
294 1387 448 1448 Praeterea
470 1385 524 1447 ltio
539 1387 591 1459 55,
616 1385 654 1459 12
677 1386 708 1447 in
723 1388 855 1467 exequiis
873 1386 927 1449 Gai
943 1396 973 1449 et
997 1386 1079 1449 Lucii
1103 1385 1272 1448 enarrandis
1294 1387 1371 1448 inter
1393 1386 1447 1449 alia
1463 1388 1534 1450 haec

176 1491 281 1552 habet:
312 1485 348 1551 oti
377 1488 497 1552 πέλται
528 1487 570 1551 τά
590 1511 626 1551 τε
647 1485 789 1572 δόρατα,
817 1485 841 1552 οἳ
868 1489 961 1573 παρὰ
988 1490 1053 1554 τῶν
1081 1485 1213 1552 ἱππέων
1240 1486 1272 1562 λς
1293 1487 1369 1562 τοὺς
1391 1483 1535 1573 ἐφήβους

175 1591 322 1668 ἐσιόντες
352 1591 459 1672 χρυσᾶ
497 1593 554 1673 (sic
592 1598 703 1669 errore)
745 1590 942 1676 ελλήφεσαν,
981 1591 1014 1667 ἐς
1046 1591 1082 1655 τὸ
1117 1588 1349 1676 βουλευτήριον
1381 1588 1533 1678 ἀνετέθη.

175 1698 299 1761 Restant
321 1697 464 1778 quaedam
487 1697 652 1758 adnotanda
673 1698 710 1758 de
731 1696 795 1777 ipsa
817 1697 967 1777 dignitate.
1001 1696 1038 1759 tu
1060 1696 1189 1778 opinatio
1212 1696 1330 1776 quidem
1347 1715 1459 1771 eorum,
1483 1697 1535 1779 qui

175 1802 337 1884 principem
360 1800 521 1863 inventutis
543 1800 660 1882 proprie
675 1818 744 1862 eum
759 1820 824 1862 esse
839 1800 895 1863 sibi
909 1809 1129 1882 persuaserunt,
1152 1819 1241 1880 quem
1263 1800 1295 1862 in
1317 1800 1465 1880 equitibus
1485 1821 1534 1864 re-

174 1905 330 1967 censendis
352 1923 490 1967 censores
505 1904 636 1986 primum
651 1913 805 1966 vocassent
820 1904 942 1982 (Becker
953 1904 983 1978 2,
1008 1906 1023 1965 1
1048 1925 1077 1986 p.
1094 1903 1186 1984 288),
1214 1904 1326 1967 dudum
1349 1905 1466 1986 explosa
1488 1916 1534 1969 est

173 2018 205 2070 et
225 2011 350 2071 resumta
373 2009 556 2090 (ilarquardt
577 2008 645 2071 hist.
668 2028 714 2088 eq.
729 2028 758 2089 p.
776 2007 845 2087 75);
868 2027 938 2070 nam
960 2008 1107 2090 principes
1122 2008 1268 2089 equestris
1283 2009 1394 2072 ordinis
1410 2009 1533 2072 similia-

172 2132 241 2192 que,
263 2131 338 2192 quae
359 2113 470 2194 passim
493 2112 571 2192 apud
586 2111 756 2174 Ciceronem
777 2113 977 2193 reperiuntur,
1000 2131 1038 2173 ne
1059 2131 1145 2193 posse
1168 2112 1287 2192 quidem
1310 2112 1353 2174 sic
1374 2112 1465 2194 accipi
1487 2114 1532 2175 vel

172 2217 243 2277 inde
264 2225 393 2296 apparet,
415 2216 495 2296 quod
517 2215 554 2277 ab
575 2235 600 2277 a.
617 2215 679 2278 685
701 2215 738 2277 ad
760 2230 786 2277 a.
804 2215 865 2277 726
886 2216 1013 2277 lustrum
1036 2216 1150 2278 nullum
1178 2215 1329 2278 conditum
1352 2225 1415 2292 est,
1436 2235 1532 2298 neque

171 2339 262 2400 quem
284 2328 457 2400 comparant
477 2320 613 2400 princeps
635 2328 754 2381 senatus
776 2319 841 2397 ideo
864 2319 906 2381 sic
929 2319 1043 2394 dicitnr,
1066 2319 1145 2400 quod
1167 2320 1281 2401 primus
1304 2320 1401 2384 estin
1424 2321 1531 2384 tabulis

171 2423 314 2485 censoriis
337 2431 516 2498 senatorum,
539 2423 591 2486 sed
606 2424 685 2502 quod
707 2422 822 2504 primus
840 2423 872 2484 in
888 2432 991 2485 senatu
1006 2424 1182 2485 sententiam
1197 2432 1326 2504 rogatur.
1356 2423 1416 2485 Nee
1431 2433 1530 2487 tamen

171 2535 327 2608 propterea
348 2526 522 2589 crediderim
546 2525 685 2606 principis
706 2526 870 2588 iuventutis
893 2526 1065 2607 dignitatem
1090 2535 1181 2589 totam
1198 2527 1341 2589 noviciam
1357 2545 1421 2589 esse
1437 2547 1531 2608 neque

171 2629 343 2692 ullomodo
368 2629 540 2712 applicatam
569 2632 605 2691 ad
631 2629 782 2709 antiquam
808 2630 1009 2711 reipublicae
1035 2632 1176 2703 sormam;
1207 2630 1300 2693 immo
1325 2649 1429 2693 verum
1458 2631 1531 2694 vidit

168 2735 202 2795 in
224 2733 396 2795 universum
414 2733 610 2814 spanhemius
634 2733 681 2810 (de
703 2753 759 2796 usu
782 2742 813 2794 et
833 2741 940 2814 praest.
964 2731 1105 2795 numism.
1121 2733 1151 2806 2,
1175 2733 1248 2810 359)
1269 2734 1466 2816 principatum
1481 2735 1529 2799 iu-

169 2836 300 2900 ventutis
312 2845 447 2918 repetens
462 2856 498 2898 ex
514 2836 641 2898 seviratu
656 2835 789 2917 equiturn
805 2836 1018 2899 Romanorum.
1041 2835 1115 2898 Nam
1131 2855 1199 2899 cum
1211 2838 1357 2920 principes
1369 2837 1529 2902 iuventutis

169 2950 287 3005 constet
309 2941 400 3004 luisse
422 2940 570 3022 principes
592 2939 725 3020 equitum
740 2939 984 3021 Romanorum1),
1007 2939 1094 3001 seviri
1117 2949 1215 3004 autmn
1231 2941 1363 3021 equitum
1378 2942 1529 3006 Romanu-

168 3163 285 3216 'litnlnnt
303 3163 330 3215 C.
343 3162 448 3214 fflesari
466 3162 599 3214 Hennenns
617 3161 724 3227 tribuit,
746 3164 790 3214 sed
808 3163 863 3230 ipse
885 3163 950 3213 vidit
968 3167 1069 3216 obstare
1088 3177 1192 3214 versum
1209 3163 1234 3226 2,
1254 3164 1276 3215 1.
1305 3161 1374 3230 Quae
1392 3173 1529 3232 supersunt

168 3266 317 3318 quamquam
336 3251 481 3302 continuant
499 3249 691 3301 restitutionem
710 3264 759 3299 nen
777 3248 915 3316 recipiunt,
933 3249 977 3299 uni
995 3249 1021 3298 ni
1039 3246 1118 3301 fallar
1133 3247 1284 3301 Germanice
1303 3251 1465 3303 conveniunt.
1494 3253 1528 3304 ui

167 3338 245 3401 eninr,
262 3352 319 3389 eun
337 3352 359 3389 a.
373 3336 422 3387 tut
442 3334 509 3386 bello
521 3334 662 3386 Dalmatico
680 3335 753 3386 duem
771 3336 942 3402 imposuisset,
959 3342 989 3386 ut
1006 3335 1211 3401 sititianum,
1231 3336 1299 3387 inter
1317 3337 1369 3388 alia
1387 3337 1472 3390 datum
1485 3346 1526 3390 est

166 3420 218 3489 τὴν
235 3419 372 3475 ὑπατείαν
388 3422 501 3473 θᾶσσον
518 3419 596 3487 παρὰ
615 3418 647 3472 τὸ
665 3423 868 3490 νενομισμένου
885 3422 984 3486 λαβεῖν,
1002 3421 1068 3487 qnod
1085 3428 1155 3473 reete
1174 3422 1211 3473 ita
1228 3424 1310 3490 accipi
1327 3428 1410 3490 potest
1428 3425 1453 3474 ei
1470 3441 1527 3491 per·

167 3511 273 3562 naissum
300 3523 367 3572 esse,
393 3515 423 3558 nt
448 3507 536 3574 quinto
563 3523 629 3559 anno
655 3515 714 3575 post
739 3515 901 3575 quaesturam
928 3515 1026 3572 gestam
1053 3508 1084 3559 ad
1110 3510 1268 3561 consulatum
1288 3508 1466 3562 admitteretur
1483 3511 1526 3576 lei.

167 3597 327 3649 Stuutsreedt
347 3593 376 3644 1²
391 3611 414 3662 p.
434 3596 508 3658 55ης
531 3602 651 3661 quaestor
672 3594 739 3646 enim
765 3593 816 3645 init
838 3609 861 3645 a.
876 3595 940 3659 760,
968 3595 1057 3647 conani
1075 3611 1097 3646 a.
1112 3595 1169 3647 tut.
1213 3594 1283 3661 Quae
1310 3603 1462 3663 sequuntur,
1490 3599 1526 3651 ita

167 3683 279 3737 ior-tasse
297 3681 434 3749 supplenda
452 3688 523 3732 snnts
550 3683 655 3746 [mium
674 3686 714 3732 est
730 3683 779 3746 dlis
800 3684 846 3748 qui
865 3696 913 3750 pro
935 3681 1034 3732 eonmle
1057 3678 1163 3746 Gladius
1179 3686 1204 3734 et
1228 3680 1357 3734 Orierdem
1378 3683 1524 3748 obtineret13

167 3787 224 3822 nana
242 3771 274 3821 de
289 3769 347 3820 viro
366 3767 543 3834 proconsulari
561 3773 689 3834 potestate
708 3769 739 3819 ad
758 3768 898 3834 exemplum
916 3766 1040 3835 principis
1057 3769 1176 3834 praedito
1194 3769 1357 3836 proconsulis
1375 3770 1524 3822 vocabulum

168 3858 259 3909 undum
277 3862 350 3907 reete
368 3854 490 3906 evitatur.

267 3943 288 4006 ¹)
307 3941 424 3992 Letharii
441 3938 514 3992 iloclt
535 3940 578 4004 (de
601 3941 725 4008 principe·
741 3941 891 3993 inventutis.
920 3939 1024 4006 Lipsiae
1044 3939 1118 3992 1883.
1132 3941 1159 4005 8)
1176 3942 1200 3993 si
1218 3949 1288 3994 recte
1306 3943 1425 3995 intellexi
1438 3944 1524 4011 dispu-

166 4032 290 4082 tationem
303 4029 435 4080 obaenratn
447 4035 475 4079 et
486 4026 639 4096 perplexam,
652 4027 675 4077 is
687 4026 828 4093 principem
840 4026 982 4078 inventutis
995 4027 1027 4077 ad
1041 4027 1180 4092 equitatum
1192 4027 1352 4081 referendum
1362 4045 1418 4082 esse
1429 4045 1522 4093 negans

166 4119 246 4169 solam
270 4117 336 4167 iuris
360 4115 387 4166 in
411 4114 580 4182 principatum
602 4113 642 4165 rei
667 4113 783 4179 publicae
800 4113 954 4165 hereditarii
972 4113 1183 4177 significationem
1200 4115 1227 4166 in
1246 4131 1275 4166 eo
1296 4115 1419 4168 vocabulo
1438 4118 1523 4169 inesse

168 4204 306 4256 contendit.
334 4201 389 4253 Nos
412 4203 438 4253 id
457 4203 588 4254 inventurn
606 4217 652 4252 sue
670 4199 770 4252 auctori
789 4201 960 4268 relinquemus
978 4202 1113 4253 mirificum
1131 4217 1190 4254 sane
1208 4211 1239 4255 ut
1255 4203 1341 4255 multis
1359 4204 1419 4255 aliis
1437 4205 1522 4256 nomi-

169 4293 254 4357 nibus,
277 4290 316 4342 ita
338 4291 447 4340 maxime
471 4305 500 4340 eo
524 4289 589 4355 qnod
612 4289 649 4338 ita
670 4286 782 4338 lntnrnm
807 4289 894 4356 populi
912 4287 1019 4340 Romani
1037 4288 1214 4356 imperatorem
1232 4290 1283 4341 suli
1301 4291 1399 4358 equites
1417 4290 1522 4343 Romani

168 4379 281 4442 deligunt
292 4376 337 4429 vel
349 4377 421 4442 adeo,
440 4377 462 4427 ai
475 4374 599 4426 liechiunt
617 4374 755 4440 sequimur,
773 4375 856 4426 sevini
874 4391 974 4440 eorum;
992 4375 1016 4426 is
1035 4376 1101 4427 enim
1114 4384 1204 4428 auctor
1216 4384 1242 4428 et
1254 4384 1343 4428 acutus
1356 4386 1383 4429 et
1394 4379 1522 4431 modestus

169 4468 308 4530 Angustum
324 4464 364 4515 ait
380 4463 415 4530 (p.
430 4461 471 4529 14)
489 4464 546 4515 sive
568 4462 699 4513 erravisse
717 4462 775 4513 sive
793 4463 926 4514 mentitum
950 4477 1007 4514 esse
1025 4461 1055 4513 ab
1080 4463 1211 4515 universis
1224 4463 1353 4529 equitibus
1365 4463 1391 4515 id
1404 4469 1522 4533 repeten-

169 4559 226 4616 tem,
242 4565 306 4603 vere
324 4547 415 4599 Gaium
432 4554 459 4599 et
470 4547 575 4598 Lucium
593 4549 723 4616 principes
741 4549 885 4601 iuventutis
903 4547 986 4602 laetos
1004 4564 1061 4602 esse
1080 4551 1182 4602 decreto
1201 4549 1303 4615 collegii
1322 4551 1433 4604 sevirum
1451 4553 1522 4619 eqni·

169 4645 219 4689 tun
236 4637 412 4688 lienanururn.
443 4634 540 4700 Quodsi
557 4634 675 4703 princeps
693 4637 836 4688 iuventutis
855 4644 920 4702 erat,
938 4645 967 4688 ut
985 4635 1065 4688 inisse
1083 4651 1139 4688 eunt
1155 4637 1236 4690 adhue
1252 4653 1339 4690 onnes
1358 4637 1520 4704 credidimus,

170 4725 260 4792 prinus
272 4723 384 4790 equitnm
395 4721 571 4788 Rornanorum,
588 4740 644 4775 cnm
656 4725 757 4776 senatui
769 4723 971 4789 adscribebutur,
988 4732 1019 4776 ut
1031 4739 1108 4790 eques
1126 4723 1250 4776 Ronanus
1269 4725 1306 4777 ita
1324 4724 1440 4792 princeps
1458 4741 1520 4792 que-
