3525 5417
520 612 553 673 v.
587 610 944 673 mouhrmnrtnmnvtt
967 608 1181 670 exemptum.

271 750 495 811 llordtmannus
519 750 748 831 hamburgensis
771 749 1034 831 Constantinopoli,
1057 748 1108 809 ubi
1123 747 1253 827 degebat,
1276 747 1439 807 academiae
1454 764 1526 806 nos-

169 862 234 914 trae
255 852 338 915 iussu
363 871 465 914 mense
487 853 610 915 Octobri
632 872 657 915 a.
676 853 757 915 1859
780 855 926 935 Angoram
950 856 1099 934 proiectus
1121 859 1175 918 est,
1200 848 1326 910 maxime
1347 858 1382 911 ut
1403 849 1527 910 Graecae

167 955 313 1017 versionis
335 964 449 1035 partem
471 955 626 1018 etiamtum
650 957 788 1018 latentem
811 958 837 1017 si
858 957 922 1018 fieri
943 965 1044 1037 posset
1065 955 1221 1033 detegeret,
1244 952 1349 1013 deinde
1364 953 1455 1031 partis
1470 951 1527 1012 La-

169 1058 250 1119 tinae
279 1066 309 1119 et
338 1058 537 1137 apographum
567 1066 597 1119 et
624 1069 761 1140 ectppum
789 1059 889 1121 charta
916 1058 1032 1121 madida
1059 1061 1165 1118 tactam
1193 1065 1227 1117 ut
1248 1064 1378 1136 pararet3
1405 1073 1473 1115 nam
1496 1053 1527 1113 in

167 1160 324 1222 condendo
346 1180 422 1221 novo
445 1178 567 1239 corpore
591 1162 815 1242 inscriptionum
840 1161 1010 1223 Latinarum
1035 1168 1069 1221 ut
1090 1144 1283 1220 monumento
1299 1159 1451 1237 Anepmno
1475 1176 1525 1217 er-

168 1264 275 1344 plendo
297 1272 327 1324 et
348 1262 530 1324 restituendo
552 1272 620 1324 ante
642 1264 740 1325 omnia
763 1283 850 1345 opera
873 1265 1000 1336 daretur,
1023 1263 1170 1325 academia
1193 1262 1368 1323 decreverat.
1406 1259 1463 1321 Sed
1479 1278 1526 1319 res

166 1365 253 1427 nobis
277 1366 366 1427 cessit
388 1384 448 1427 non
471 1385 506 1426 ex
528 1375 605 1428 uoto.
651 1367 758 1427 Graeca
788 1385 862 1445 quae
885 1366 1015 1428 latebant
1036 1375 1069 1427 ut
1091 1367 1309 1445 detegerentur,
1336 1362 1449 1424 domini
1471 1361 1527 1422 loci

168 1488 231 1530 nou
254 1469 471 1549 permiserunt;
495 1478 630 1549 ectypum
654 1470 715 1530 fieri
739 1488 825 1550 posse
847 1469 872 1531 is
895 1472 944 1531 cui
965 1488 998 1531 ea
1020 1488 1068 1531 res
1084 1469 1218 1530 mandata
1233 1477 1296 1528 erat
1310 1467 1433 1545 negauit,
1456 1483 1527 1525 cau-

166 1581 251 1634 satus
272 1572 311 1634 ita
339 1572 559 1651 inscriptionem
588 1572 681 1652 ipsam
708 1591 828 1653 pessum
853 1573 954 1634 datum
977 1572 1023 1632 iri.
1068 1571 1148 1633 Misit
1169 1571 1249 1632 idem
1272 1570 1350 1649 qood
1373 1576 1528 1648 exceperat

166 1676 347 1755 exemplum,
371 1694 430 1754 quo
452 1677 618 1756 complures
641 1675 761 1755 quidem
785 1676 864 1736 locos
888 1684 965 1736 recte
988 1694 1023 1735 er
1045 1673 1139 1755 lapide
1158 1672 1333 1746 emendarit,
1355 1681 1447 1733 totam
1462 1689 1525 1731 rem

167 1796 355 1857 nequaquam
384 1778 497 1858 peregit
523 1798 555 1839 ea
578 1798 635 1857 qua
658 1798 711 1858 par
737 1788 801 1839 erat
827 1796 896 1839 cura
918 1787 949 1839 et
971 1778 1172 1858 simplicitate3
1202 1795 1271 1837 nam
1294 1775 1358 1837 aliis
1380 1773 1451 1835 locis
1473 1792 1527 1834 ne-

166 1900 227 1961 que
250 1880 286 1941 iis
309 1880 419 1960 paucis,
443 1881 582 1960 deeeptus
606 1880 731 1942 maxime
754 1880 968 1961 supplementis
991 1880 1184 1960 Zumptianis,
1207 1899 1241 1941 ea
1262 1879 1319 1940 sibi
1333 1878 1430 1940 videre
1446 1876 1527 1937 risus

168 1993 216 2045 est
243 1984 275 2044 in
302 1982 396 2063 lapide
418 2001 492 2062 quae
519 1993 714 2063 proposuerat
740 1983 836 2045 editor
863 1983 1076 2059 Berolinensis;
1107 1984 1192 2045 cuius
1219 1982 1321 2062 culpae
1342 1981 1525 2041 luculentum

169 2086 337 2166 exemplum
360 2082 487 2165 [praebet
517 2094 605 2166 eaput
632 2088 660 2160 5,
677 2086 827 2147 24-34.
871 2087 968 2159 Quare
995 2088 1104 2149 invitus
1126 2086 1261 2166 quidem,
1289 2084 1340 2145 sed
1362 2081 1527 2143 necessario

168 2191 228 2251 boc
250 2189 418 2269 exemplum
441 2190 481 2249 ita
502 2189 637 2264 adhibui,
667 2199 699 2251 ut
726 2191 753 2251 ei
775 2190 829 2252 soli
851 2190 939 2251 fidem
962 2209 1022 2251 non
1044 2190 1181 2251 haberem
1203 2188 1261 2250 nisi
1282 2187 1313 2247 in
1336 2204 1368 2247 re
1390 2184 1525 2246 evidenti.

556 2462 601 2524 vt.
636 2461 907 2524 Phnnurmuvm
929 2461 1145 2524 uxuurtvu.

270 2598 401 2661 Tandem
430 2600 585 2679 aliquando
611 2620 687 2680 quae
709 2620 764 2663 nos
787 2606 897 2664 frustra
920 2609 1134 2681 temptaramus
1156 2602 1352 2680 perfecerunt,
1374 2598 1452 2659 sicut
1473 2618 1525 2659 su-

165 2721 220 2783 pra
249 2702 369 2775 moram,
401 2702 543 2782 Georgius
564 2702 671 2766 Perrot
699 2714 729 2766 et
750 2706 925 2767 Edmundus
948 2704 1128 2775 Guillaume,
1155 2702 1206 2783 qui
1235 2703 1318 2764 iussu
1341 2701 1526 2782 imperatoris

169 2804 321 2867 Gallorum
344 2804 520 2885 Napoleonis
542 2807 582 2867 Ill
609 2807 750 2869 Galatiam
777 2818 807 2870 et
829 2808 996 2890 Bithyniam
1018 2826 1045 2869 a.
1063 2807 1142 2869 1861
1171 2814 1373 2887 peragrarunt.
1416 2804 1525 2885 Eetppa

166 2908 286 2989 quidem
310 2908 373 2969 fieri
395 2927 483 2988 posse
505 2918 536 2971 et
557 2910 613 2990 ipsi
635 2920 789 2991 negarunt,
813 2912 863 2973 sed
886 2930 1002 2973 summa
1025 2929 1095 2972 cura
1117 2909 1338 2989 inscriptionem
1354 2926 1525 2987 repraesen-

165 3021 269 3074 tarunt
299 3011 405 3073 tabulis
439 3010 590 3075 delineatis
620 3016 656 3076 ad
684 3017 808 3075 turmam
844 3014 1136 3095 magnitudinemque
1164 3011 1313 3092 archetypi
1340 3010 1525 3091 exemplaris,

168 3134 245 3195 quae
268 3114 382 3175 tabulae
405 3114 462 3176 iam
485 3124 620 3195 prostant
641 3117 762 3180 Parisiis
783 3118 814 3179 in
839 3136 942 3179 museo
963 3116 1221 3197 Napoleonian01).
1265 3114 1388 3175 Easdem
1411 3114 1525 3175 tabulas

168 3236 238 3279 mox
259 3220 355 3278 forma
377 3216 491 3279 minore
520 3219 677 3282 ediderunt
698 3220 729 3282 in
752 3221 905 3301 splendido
928 3219 1078 3282 itinerario
1100 3218 1294 3300 (exploratior
1315 3216 1526 3298 ureblolope'pue

168 3322 202 3383 de
225 3320 255 3381 lo
279 3318 388 3383 Galatia
411 3332 437 3383 et
459 3321 643 3402 lallithynie.
676 3322 795 3385 Parisiis
820 3323 1039 3386 taut-1872.
1062 3322 1135 3402 tol),
1159 3320 1209 3382 uhi
1225 3321 1327 3382 Latina
1350 3319 1526 3381 exhibentur

167 3422 275 3485 tabulis
297 3423 411 3485 duabus
432 3424 587 3487 112626
609 3424 704 3503 iisque
726 3425 875 3505 aliquanto
896 3434 965 3488 ante
986 3446 1074 3506 quam
1098 3424 1209 3505 publici
1229 3424 1303 3485 iuris
1325 3424 1431 3485 fierent
1452 3440 1525 3483 usus

166 3545 234 3588 sum
257 3525 399 3587 beneficio
421 3527 545 3590 Perroti.
591 3527 653 3589 iloc
681 3529 847 3608 exemplum
879 3528 919 3590 ita
946 3532 1108 3609 perlectum
1131 3537 1177 3590 est
1197 3526 1286 3589 etiam
1309 3528 1339 3588 in
1361 3525 1543 3617 indicandis.

166 3626 302 3691 hiatuum
326 3628 428 3708 spatiis
450 3630 545 3705 iustis,
569 3640 602 3692 ut
623 3630 812 3711 paucissimis
834 3632 905 3693 locis
928 3633 1056 3713 exeeptis
1070 3650 1139 3713 praa
1155 3650 1190 3693 eo
1205 3631 1316 3709 reliqua
1331 3630 1431 3692 omnia
1445 3638 1524 3691 recte

266 3830 288 3891 ¹)
318 3829 433 3896 Comptee
464 3828 559 3880 rendae
584 3829 615 3880 de
643 3828 799 3881 l'Aeaddma'e
827 3830 871 3881 elea
897 3834 1063 3899 temptione
1094 3832 1158 3886 1861
1187 3847 1211 3897 p.
1229 3830 1291 3881 243:
1322 3827 1359 3882 Ua
1380 3833 1527 3899 mmpuge

162 3914 274 3981 general
289 3920 327 3967 aet
343 3914 501 3983 impossible:
527 3916 557 3965 1⁰
573 3931 641 3983 pour·
659 3914 826 3983 l‘a’neora'ptiou
844 3915 931 3981 latine,
953 3913 1064 3969 deauco
1080 3916 1125 3969 dee
1142 3922 1216 3969 trous
1232 3915 1359 3985 prap‘onds
1375 3918 1451 3982 puip
1468 3920 1526 3967 aaut

163 4000 297 4068 pratigula
314 4018 346 4052 en
363 3999 490 4069 plusieurs
506 4000 636 4068 audrade,
654 4018 691 4053 aa
705 4006 778 4070 point
795 4019 842 4067 pue
860 4002 887 4053 la
903 4005 1008 4071 sur-sace
1024 4020 1052 4053 ee
1069 4003 1160 4055 detrabe
1176 4006 1201 4054 et
1218 4002 1345 4071 tarsenae
1362 3996 1379 4052 ὰ
1394 3999 1525 4069 plusieurs

165 4086 325 4139 centimetree
346 4085 378 4137 de
398 4086 568 4154 profunderem
592 4088 625 4137 2⁰
644 4105 711 4158 pour
731 4089 900 4159 l’a'neeripla'oa
918 4105 1043 4158 parcoque,
1068 4085 1181 4141 dcauee
1202 4088 1246 4139 dee
1266 4092 1371 4155 poutree
1392 4104 1440 4154 que
1460 4102 1526 4137 uoaee

165 4189 275 4224 resumes
299 4172 392 4240 obliges
414 4172 445 4224 de
467 4171 558 4225 laieeer
579 4174 692 4227 decretas
714 4180 801 4226 contre
822 4177 844 4226 le
866 4192 926 4228 mur
951 4175 1004 4243 ofin
1025 4174 1056 4225 de
1078 4177 1191 4226 contami·
1212 4174 1235 4225 le
1257 4176 1304 4225 tait
1327 4174 1358 4225 de
1375 4174 1401 4224 la
1417 4176 1524 4225 andron.

164 4258 235 4311 Mais
252 4274 319 4311 noua
335 4263 524 4327 supportarem,
543 4264 617 4313 outre
634 4260 679 4311 dec
692 4263 794 4328 parties
812 4260 961 4329 estampe‘ee,
978 4264 1024 4327 qai
1033 4260 1174 4313 docuerant
1186 4259 1362 4329 lasormedee
1373 4259 1525 4326 caracteres,

164 4344 268 4411 quelque
287 4346 361 4396 chose
377 4348 420 4411 aput
435 4350 575 4415 permettra
592 4348 623 4399 de
639 4360 756 4397 mesurae·
772 4350 797 4396 at
814 4345 846 4397 da
864 4346 971 4416 remple'r
988 4347 1025 4398 lae
1042 4346 1111 4399 videa
1127 4362 1187 4418 acea
1203 4364 1254 4399 aeae
1265 4346 1408 4399 sacoma
1417 4362 1525 4414 praepau

164 4430 373 4496 matbematipue.
408 4431 443 4483 M.
460 4429 601 4483 Guillaunae
618 4449 635 4483 a
652 4449 683 4483 cu
702 4432 729 4483 la
745 4436 861 4499 patience
880 4432 911 4483 de
928 4437 1021 4485 mettre
1039 4430 1057 4486 ὰ
1073 4432 1191 4497 le'cleelle,
1215 4435 1305 4502 pierre
1320 4448 1370 4501 par
1383 4435 1477 4499 pierre,
1495 4450 1525 4483 ea

164 4516 299 4582 iadipuaat
317 4514 352 4566 lea
368 4515 497 4568 moindree
514 4532 642 4583 cassurae,
660 4532 717 4569 avec
735 4516 791 4570 laur
808 4522 878 4570 maie
895 4519 1007 4586 largeur,
1025 4524 1110 4572 toutea
1126 4521 1162 4571 las
1179 4519 1299 4586 eurfaoar
1316 4521 1471 4587 perportant
1481 4519 1525 4570 dee

164 4605 344 4670 inscriptione,
368 4600 535 4655 e'eet-d·da're
557 4602 592 4655 lae
610 4604 679 4657 dena
689 4606 768 4671 sacae
786 4604 821 4657 du
837 4622 948 4674 proriam
963 4610 989 4656 et
1006 4606 1030 4657 le
1050 4621 1112 4658 eraut·
1129 4605 1260 4657 cute'ra'eur
1276 4604 1308 4656 de
1325 4606 1351 4655 la
1367 4604 1436 4656 aella.
1472 4603 1525 4656 Sur

165 4702 208 4739 cea
216 4688 340 4756 souillee,
357 4690 387 4756 je
410 4692 516 4742 meltraa'
533 4688 550 4742 d
573 4690 629 4742 leur
645 4688 716 4759 plaee
733 4690 769 4742 les
793 4691 863 4744 deuo
884 4696 1046 4760 inscriptione
1066 4693 1089 4743 le
1105 4708 1207 4761 campas
1224 4686 1241 4744 ὰ
1258 4690 1283 4741 lo
1300 4693 1379 4742 main.
1417 4690 1449 4742 Ge
1467 4706 1526 4742 aera

165 4790 263 4825 comem
281 4790 316 4827 un
335 4772 389 4825 tear
407 4774 500 4841 aotaael,
518 4792 568 4827 uno
583 4780 654 4829 orate
668 4778 853 4847 photographis
871 4778 902 4829 de
918 4777 1095 4846 lineariptaba.
1130 4776 1169 4830 cl.
1186 4778 1281 4829 ibidem
1300 4776 1365 4830 1862
1384 4793 1406 4845 p.
1426 4776 1467 4827 63.
