3525 5417
278 291 321 353 42
712 241 715 248 ¹
872 285 911 354 4.
934 287 1037 341 44-44

278 468 347 528 lices
374 476 527 547 spectaret
571 468 613 529 Ad
643 469 728 530 ludos
750 466 928 528 4444444444
950 467 1048 529 locum
1069 468 1150 528 hunc
1171 476 1250 529 44444
1273 467 1452 530 Chishullius
1474 470 1630 530 revocarit

278 571 400 650 Utrique
422 572 498 633 fiunt
518 571 622 651 quinto
643 591 761 650 quoque
782 590 869 645 anno,
896 573 925 633 id
947 581 993 633 est
1006 591 1075 633 cum
1091 571 1257 653 coepissent
1271 591 1296 634 a.
1314 571 1385 646 726,
1409 573 1546 634 celebrati
1561 581 1633 635 sunt

278 674 413 755 deinceps
436 675 528 736 ternis
549 675 635 736 annis
657 674 757 736 solidis
778 675 965 738 intermissis.
1009 675 1155 737 Fecerunt
1176 695 1226 736 eos
1241 676 1375 754 Augusto
1397 684 1471 738 teste
1493 677 1633 738 consules

276 787 307 840 et
328 787 468 858 quattuor
489 778 608 858 collegia
631 779 830 853 sacerdotum3
853 778 906 840 ilio
929 798 1107 860 quamquam
1131 779 1233 841 scribit
1254 797 1307 860 per
1329 780 1406 841 vices
1431 799 1482 841 eos
1504 781 1632 842 edidisse

276 882 430 962 pontilices
451 901 577 961 augures
598 881 718 943 xvviros
741 883 892 962 epulones,
915 882 978 963 ipse
1006 883 1087 944 addit
1113 883 1223 963 primos
1253 901 1279 944 a.
1297 883 1358 945 726
1385 886 1477 945 iactos
1506 903 1572 944 esse
1595 884 1633 945 ab

225 1028 232 1042 .
275 986 338 1046 eius
367 985 435 1047 anni
462 985 633 1048 oonsulibus
656 986 777 1047 Caesare
806 995 836 1048 ct
862 985 988 1070 Agrippa
1017 1005 1120 1048 eorum
1143 985 1285 1066 impensis
1309 987 1358 1066 (ci.
1381 986 1507 1060 414453,
1530 987 1633 1066 2)441

275 1089 375 1168 potius
396 1090 432 1151 ab
454 1089 580 1171 Agrippa
602 1091 672 1162 solo,
696 1107 763 1151 cum
786 1090 892 1151 Caesar
918 1089 982 1170 ipse
1003 1089 1051 1151 rix
1073 1089 1205 1151 videatur
1227 1090 1314 1151 hosce
1337 1089 1421 1152 ludos
1443 1099 1523 1152 recte
1545 1091 1633 1152 edere

275 1191 413 1271 potuisse.
450 1192 511 1254 lios
533 1202 708 1274 exceperunt
728 1194 893 1256 secundum
909 1192 969 1255 voti
984 1194 1062 1272 leges
1078 1213 1102 1254 a.
1120 1193 1181 1254 736
1196 1193 1358 1274 4444444444,
1375 1214 1401 1255 4.
1417 1193 1478 1256 734
1494 1213 1633 1274 augures

274 1315 300 1357 a.
317 1296 378 1357 738
401 1296 496 1358 444444
524 1297 566 1376 (id
592 1298 671 1377 quod
696 1297 833 1359 convenit
859 1316 928 1359 cum
955 1297 1019 1359 4444
1042 1295 1141 1359 ilionis
1169 1316 1258 1378 supra
1279 1296 1399 1376 444444),
1427 1317 1453 1358 4.
1470 1297 1532 1359 742
1556 1319 1633 1379 epu·

274 1401 374 1475 4444444
402 1401 520 1475 deinde,
549 1401 574 1462 si
602 1400 720 1481 quidem
748 1402 884 1462 consules
911 1399 984 1461 nulli
1012 1419 1042 1461 se
1068 1399 1319 1482 interposuerunt,
1342 1419 1447 1465 rursus
1468 1400 1537 1462 iacti
1561 1412 1634 1463 sunt

274 1523 300 1565 a.
316 1504 378 1565 746
400 1523 453 1584 444
474 1503 634 1584 pontifices
656 1523 683 1565 a.
699 1505 760 1565 750
783 1523 836 1586 per
857 1523 991 1584 augures,
1014 1522 1039 1565 a.
1057 1505 1118 1564 754
1141 1523 1193 1584 444
1216 1503 1344 1578 4444444,
1367 1523 1393 1566 a.
1410 1503 1471 1566 758
1486 1523 1540 1585 per
1555 1525 1632 1586 epu-

273 1607 370 1680 lones,
398 1625 424 1667 4.
443 1606 505 1669 762
532 1626 585 1688 444
613 1607 780 1688 4444441444,
808 1627 833 1669 4.
851 1609 912 1670 766
940 1625 993 1688 444
1019 1625 1158 1686 augures,
1186 1607 1237 1687 qui
1263 1607 1326 1668 ludi
1352 1607 1477 1669 extremi
1499 1611 1632 1670 luerunt.

273 1710 316 1770 Eo
338 1710 400 1771 solo
423 1709 543 1772 nomine
564 1731 582 1772 a
604 1711 816 1773 commentario
838 1711 891 1773 iiio
914 1712 1019 1784 4444444,
1042 1712 1120 1790 quod
1142 1711 1227 1772 ludos
1250 1711 1341 1773 altero
1363 1712 1427 1773 loco
1449 1711 1519 1774 dicit
1539 1713 1632 1791 quin-

273 1813 434 1894 quennales
455 1814 644 1896 principatus,
667 1815 757 1877 altero
780 1817 869 1876 refert
891 1815 927 1876 44
950 1813 1101 1876 victoriam
1123 1813 1286 1888 Actiacam3
1308 1824 1411 1877 contra
1427 1814 1458 1876 in
1474 1834 1631 1878 commen-

274 1917 347 1978 tario
362 1917 486 1996 Augusti
507 1921 677 1979 referuntur
698 1919 734 1979 ad
757 1927 824 1980 4444
845 1918 1002 1980 consulum
1025 1917 1269 1998 sacerdotumque
1291 1938 1327 1979 ex
1349 1927 1469 1981 senatus
1491 1921 1632 1982 consulto

272 2019 421 2101 conceptis
443 2039 496 2101 pro
519 2020 612 2082 salute
628 2021 757 2082 Caesaris
772 2022 803 2082 in
818 2021 1055 2102 quinquennium
1071 2021 1239 2103 proximum
1256 2023 1373 2084 tuenda.
1400 2023 1462 2085 4444
1476 2033 1510 2085 44
1525 2043 1631 2086 rerum

272 2143 337 2185 esse
359 2132 455 2204 patet,
483 2123 523 2186 444
551 2125 622 2204 quid
649 2125 793 2204 significet
820 2145 921 2187 rerum
945 2125 1072 2206 scriptor
1093 2127 1149 2187 hoc
1171 2126 1235 2188 loco
1257 2144 1317 2188 non
1339 2145 1455 2200 errans,
1483 2127 1632 2208 explicant

272 2227 389 2289 nummi
405 2228 435 2289 6.
451 2228 569 2290 Antistii
585 2229 697 2290 Veteris
714 2229 835 2305 (Eclrhel
849 2231 879 2303 6,
898 2231 973 2304 104;
995 2230 1095 2292 Cohen
1110 2231 1183 2310 Aug.
1199 2249 1230 2292 n.
1246 2229 1317 2292 343.
1334 2230 1411 2306 349;
1432 2237 1505 2292 rien.
1520 2231 1632 2292 4447444-

271 2351 361 2392 44444
382 2351 411 2412 4.
428 2331 502 2409 742)
525 2332 594 2394 lacti
615 2332 680 2412 ipso
702 2352 796 2407 anno,
824 2353 882 2414 quo
905 2335 991 2396 ludos
1014 2333 1175 2395 celebratos
1198 2353 1262 2396 esse
1284 2343 1408 2408 constal,
1432 2355 1461 2396 u.
1477 2353 1502 2396 4.
1521 2333 1583 2396 738
1595 2335 1631 2415 1),

271 2435 301 2496 44
327 2454 454 2515 quorum
477 2436 568 2497 altero
590 2437 721 2499 cernitur
743 2439 877 2499 sacerdos
900 2439 936 2500 ad
959 2456 1038 2501 aram
1064 2438 1229 2501 sacrificans
1251 2455 1320 2499 cum
1343 2437 1552 2519 adscriptione:
1573 2457 1632 2518 pro

271 2539 433 2602 4444444444
457 2539 587 2602 Caesaris
608 2561 630 2602 4.
642 2561 674 2621 4.
690 2562 715 2621 4.
739 2539 783 2616 lt,
805 2542 837 2602 in
858 2541 950 2604 444444
965 2543 1068 2624 Apollo
1083 2545 1144 2624 ipse
1159 2549 1216 2603 4444
1231 2542 1396 2604 sacrificans
1411 2560 1479 2603 cum
1495 2541 1631 2624 adscrip-

273 2643 364 2704 tione:
392 2642 519 2724 Apollini
537 2643 624 2706 Aetio.
667 2644 768 2724 ltaque
797 2653 863 2707 4444
892 2645 941 2707 4414
970 2664 1023 2726 444
1051 2644 1215 2707 4444444444
1239 2644 1369 2708 Caesaris
1392 2645 1633 2727 suscipiebantur

270 2745 397 2827 Apollini
418 2747 516 2822 Aetio,
548 2747 599 2826 qui
626 2767 694 2810 eum
724 2749 769 2809 441
795 2748 922 2811 maxime
948 2749 990 2810 rei
1016 2749 1149 2830 publicae
1171 2759 1330 2825 servasset,
1363 2768 1543 2830 quamquam
1566 2749 1631 2812 ludi

370 3003 393 3064 ¹)
414 3002 452 3052 Eo
475 3017 540 3052 4444
563 3002 646 3052 444444
669 3017 766 3067 quoqne
788 3001 885 3053 similia
910 3011 970 3054 4444
995 3011 1111 3070 suscepta
1134 3011 1206 3068 4444,
1227 3019 1283 3054 oum
1302 3003 1431 3067 Augustus
1455 3011 1513 3070 post
1530 3003 1632 3054 4444444

270 3088 415 3140 Lollianam
438 3089 463 3138 in
488 3088 598 3139 Galliam
622 3088 847 3153 proficiscebator3
871 3090 1002 3154 444444444
1024 3091 1056 3140 44
1080 3107 1109 3140 44
1132 3107 1187 3140 cum
1210 3092 1288 3141 44444
1311 3089 1401 3141 ilionis
1421 3091 1462 3154 54,
1481 3090 1524 3142 494
1548 3085 1633 3158 εὐχὰς

270 3170 338 3244 ὑπὲρ
354 3175 400 3240 τῆς
416 3169 553 3227 ἐπανόδου
571 3173 622 3224 τοῦ
638 3167 806 3241 Αὐγούστου
823 3169 989 3242 ἐποιήσαντο
1008 3184 1059 3227 tum
1079 3179 1171 3226 nummi
1197 3175 1225 3228 L.
1239 3177 1356 3228 Mescinii
1374 3175 1429 3226 nun
1447 3177 1575 3226 triumuiri
1599 3193 1631 3228 44

270 3264 326 3326 ipso
345 3277 419 3326 4444,
438 3276 543 3326 quornm
562 3262 587 3310 in
606 3261 667 3311 aliis
687 3261 780 3321 (Colace
794 3266 858 3324 Aug.
872 3280 896 3312 4.
910 3263 968 3312 464.
982 3263 1043 3326 465)
1061 3270 1102 3314 444
1119 3263 1243 3326 cloacina)
1259 3261 1458 3330 plopuiue)q(uo)
1476 3261 1633 3330 4444444444)

270 3348 346 3410 44444)
364 3346 503 3415 44444444)
520 3362 567 3414 444
578 3346 683 3409 4441444)
695 3351 719 3397 et
730 3347 835 3413 44444444)
847 3347 991 3414 Αυ444444),
1005 3349 1030 3399 44
1044 3349 1097 3399 4444
1110 3351 1235 3414 emuntur>
1246 3347 1450 3417 ptopuluslqlue)
1463 3349 1633 3416 4444444444).-

270 3436 353 3498 44444)
364 3434 432 3500 piro)
445 3432 551 3499 4444444)
565 3432 790 3492 04444444641444
803 3433 868 3496 Aug.
882 3451 906 3484 n.
919 3434 988 3498 462),
1009 3436 1033 3484 44
1053 3435 1103 3485 4114
1114 3433 1209 3498 (Colice
1224 3434 1288 3498 Aug.
1303 3451 1326 3484 4.
1339 3434 1400 3500 462)
1419 3435 1490 3498 Iloua]
1509 3435 1631 3502 o(ptimo)

269 3521 409 3582 44444444)
427 3519 550 3582 iteratur)
566 3518 931 3586 4(4444444)4444)14(44444444)
950 3521 1029 3583 aloia)
1047 3523 1180 3587 Ι44444444)
1197 3519 1262 3588 prio)
1280 3519 1385 3584 4444444)
1404 3523 1464 3588 imp.
1479 3521 1632 3588 6444444474),

268 3605 335 3672 444441
354 3623 401 3673 444·
422 3607 501 3669 culm)
524 3611 585 3668 4444)
606 3605 726 3672 44441444)
744 3609 771 3655 in
789 3607 931 3674 4444444444)
950 3609 1049 3672 444444)
1071 3605 1264 3673 44444444444444)
1286 3607 1379 3672 attatei)
1396 3609 1469 3672 4444),
1493 3608 1633 3674 eodemque

270 3693 414 3743 verisimile
444 3699 484 3741 444
513 3693 644 3756 pertinere
668 3692 816 3758 inscriptum
839 3693 934 3754 (Cohen
957 3693 1022 3756 Aug.
1042 3694 1099 3755 433)
1122 3693 1177 3743 loni
1198 3691 1276 3759 44444)
1298 3691 1435 3760 44444444)
1455 3709 1503 3760 pro
1524 3692 1633 3758 4414444)

271 3779 409 3842 caedaris)
433 3781 582 3845 Auggmtil:
604 3779 731 3844 44444444)
751 3777 951 3844 plopuiuslqlue)
975 3777 1127 3845 4444444444)
1150 3786 1176 3829 44
1200 3779 1350 3845 inscriptum
1375 3780 1470 3841 404444
1490 3779 1555 3844 Aug.
1569 3781 1633 3845 324)

267 3867 341 3929 14444)
360 3867 475 3932 44444444)
488 3863 626 3932 444-(444444)
638 3867 760 3928 44444444)
774 3866 859 3926 ι·44(4“4)
870 3866 986 3932 44444444)
1006 3864 1148 3932 4444444444)
1165 3881 1213 3933 pro
1232 3864 1334 3932 4444444)
1351 3869 1375 3916 ei
1394 3864 1507 3926 44444444).
1538 3865 1634 3918 Saluta

269 3960 328 4004 suut
351 3954 414 4002 44444
436 3960 497 4003 4444
523 3960 581 4018 post
605 3954 712 4003 reditum
735 3951 846 4014 Augusti
867 3969 890 4002 4.
910 3953 956 4002 744
982 3959 1049 4002 44444
1073 3951 1150 4002 444414
1173 3951 1200 4003 C.
1213 3951 1231 4002 l.
1244 3951 1272 4003 L.
1286 3951 1332 4016 Vl,
1357 3953 1421 4016 366,
1444 3952 1469 4001 44
1494 3968 1542 4018 quo
1566 3969 1633 4018 quac

268 4039 455 4090 interciderunt
476 4054 508 4090 ex
531 4039 640 4103 gemello
663 4054 685 4088 4.
705 4039 753 4089 747
779 4038 841 4103 (4.4.
856 4038 903 4104 vi,
927 4037 987 4101 365)
1011 4045 1080 4088 certo
1100 4037 1262 4104 supplentur:
1287 4040 1323 4103 [P.
1344 4037 1495 4103 44444οέ47444
1513 4037 1586 4102 Alce.
1607 4041 1632 4106 f.

269 4126 359 4177 Varus
444 4143 493 4178 444.
518 4127 598 4190 [ludos
621 4129 714 4176 4444444
736 4128 793 4194 4444
815 4126 898 4177 reditu
927 4127 996 4193 [imp.
1025 4126 1146 4176 Caesaris
1173 4127 1235 4190 diali
1258 4127 1282 4192 s.
1306 4129 1422 4192 Aigoua·
1447 4125 1510 4192 [4444
1534 4129 1633 4194 optimo

268 4214 392 4276 4444444444
402 4215 474 4280 serit
493 4215 561 4277 [4444
582 4211 620 4264 Τι’.
640 4211 742 4264 Claudio
755 4212 864 4276 li'erlonc
881 4213 987 4278 conlega
1004 4229 1040 4262 ecc
1058 4215 1185 4276 44444444)
1203 4213 1345 4276 elenando).
1365 4241 1398 4250 -
1416 4213 1483 4264 llaec
1502 4221 1563 4264 4444
1580 4230 1633 4281 pro

268 4297 353 4349 reditu
377 4299 487 4362 Augusti
511 4300 695 4366 suscipiuntur,
719 4299 806 4364 quinto
825 4315 921 4365 quoquo
942 4315 1007 4348 4444
1026 4297 1093 4350 fucta
1109 4315 1158 4366 pro
1177 4299 1331 4364 valdradane,
1354 4307 1460 4365 utruque
1478 4307 1577 4364 444444,
1603 4309 1633 4351 44

268 4391 379 4451 444444,
395 4399 443 4452 pro
459 4385 678 4451 444444444414444
696 4383 751 4436 lovi
769 4387 832 4436 44444
850 4386 922 4450 liunt,
940 4386 1021 4436 414444
1040 4393 1124 4436 autem
1137 4383 1260 4450 Apollini.
1291 4383 1377 4451 ltaque
1390 4401 1438 4436 444
1451 4393 1524 4436 44444
1536 4387 1633 4452 444444

268 4471 383 4522 84414444
400 4469 566 4538 (Zeitsclmft
582 4472 632 4536 fiir
650 4470 825 4522 Numimnatiir
843 4474 867 4535 9,
889 4474 935 4524 475
955 4471 987 4523 cl.
1003 4475 1030 4524 14
1053 4491 1075 4540 p.
1090 4473 1132 4536 77)
1155 4479 1262 4537 utraque
1281 4479 1342 4524 vota
1360 4487 1405 4537 pro
1424 4472 1514 4522 iisdem
1530 4473 1632 4525 44444444

268 4558 339 4623 Quod
359 4559 519 4610 sollemnium
538 4567 656 4610 votorum
673 4559 897 4625 quinquennalium
916 4560 946 4608 44
965 4561 1029 4610 14444
1048 4576 1138 4610 annum
1157 4558 1316 4625 potissimum
1335 4559 1360 4608 in
1380 4559 1513 4608 urnalibus
1532 4561 1632 4611 mentio

267 4644 336 4696 44444
359 4653 413 4708 444,
437 4652 521 4712 441444
539 4646 598 4696 4444
617 4646 735 4709 venisse,
754 4648 818 4712 quod
841 4654 902 4696 vota
922 4663 967 4712 pro
987 4646 1072 4697 4444444
1091 4647 1116 4696 44
1135 4647 1169 4697 444
1188 4645 1327 4711 4444444444
1347 4661 1395 4694 444
1413 4653 1566 4711 4444444444
1584 4649 1633 4699 444

272 4733 358 4798 444444
377 4733 530 4784 crediderim
548 4733 595 4784 4414
613 4733 668 4784 4444
687 4734 832 4798 memorari,
850 4734 916 4800 quod
935 4749 965 4784 eo
984 4749 1050 4784 4444
1068 4733 1181 4800 Agrippa
1199 4748 1229 4784 44
1248 4739 1370 4784 44444444
1387 4739 1437 4783 444.
