3525 5417
221 524 278 595 5‚1
308 541 388 583 mare
445 523 547 604 pacaui
605 542 621 584 3
679 523 875 603 praedonibus
931 569 1220 585 ..........
1275 526 1411 587 domibus

367 624 373 637 '
678 634 779 688 contra
838 646 901 688 rem

244 934 300 1006 6,3
329 932 405 1013 regis
438 934 611 1013 parthorum
648 981 1537 997 .............................

291 1056 304 1094 s
330 1054 346 1097 a
376 1055 424 1097 me
463 1046 626 1115 gentes..
651 1084 657 1099 .
682 1039 886 1101 ‚thorumet
915 1038 1070 1100 medorum
1094 1084 1537 1100 ...............

273 1158 300 1201 33
327 1140 358 1200 13
397 1141 551 1203 consulatu
585 1186 1536 1203 ...............................

577 1513 612 1575 11.
647 1514 912 1577 (1088οΝ1311131
933 1513 1149 1575 ΕΧΕΜΡΙΝΜ.

283 1652 384 1714 Daniel
398 1653 509 1714 Gossou
533 1661 678 1715 mercator
699 1652 818 1714 natione
834 1651 959 1714 Batauus
976 1652 1063 1713 Leida
1078 1651 1230 1725 oriundus,
1252 1670 1306 1733 per
1321 1652 1430 1713 multos
1445 1671 1538 1715 annos

183 1756 326 1835 Smyrnae
349 1755 455 1833 degens
477 1754 576 1836 ibique
598 1775 624 1818 a.
648 1755 730 1817 1689
752 1754 926 1817 interiectus
947 1773 964 1815 3
986 1753 1097 1835 piratis,
1122 1753 1198 1814 tituli
1218 1753 1362 1834 Ancyrani
1384 1773 1538 1835 compara-

181 1858 224 1920 vit
246 1858 300 1919 sibi
323 1858 509 1938 exemplum,
531 1859 609 1939 quod
632 1878 648 1920 a
670 1878 729 1937 quo
751 1867 907 1939 exceptum
930 1857 978 1931 sit,
1000 1857 1167 1935 ignoratum
1197 1856 1260 1936 ipse
1281 1856 1362 1918 enim
1384 1876 1445 1919 non
1466 1857 1539 1919 adiit

181 1962 326 2041 Ancyram
348 1961 388 2040 (v.
412 1962 577 2023 Gronovius
604 1961 680 2023 libro
707 1980 776 2022 mox
798 1960 916 2022 citando
938 1979 966 2039 p.
983 1958 1046 2040 35).
1090 1959 1123 2020 ld
1145 1959 1223 2021 inter
1245 1959 1361 2022 schedia
1384 1960 1448 2023 eius
1470 1971 1538 2041 post

181 2064 295 2126 obitum
319 2074 469 2143 repertum
502 2064 623 2125 edididit
643 2064 765 2125 lacobus
788 2062 954 2124 Gronovius
981 2062 1012 2123 in
1034 2067 1172 2125 3333333333
1196 2061 1370 2125 Cosconiana
1392 2063 1453 2125 3333
1475 2064 1537 2127 Du-

180 2166 264 2229 nr'eb's
288 2165 416 2229 03333333·
435 2172 494 2230 cito
517 2166 853 2245 (Lugudunenses.
878 2167 906 2226 4.
928 2186 976 2247 pp.
995 2166 1068 2240 159)
1090 2185 1119 2245 p.
1137 2166 1271 2227 57-68.
1308 2166 1441 2228 Alterum
1464 2186 1537 2248 apo·

180 2270 325 2350 grapbum
355 2270 471 2351 repperi
493 2270 588 2349 llagae
616 2271 692 2331 inter
720 2269 841 2331 schedas
864 2269 984 2349 Copori,
1013 2269 1069 2330 boo
1099 2268 1225 2329 maxime
1246 2276 1398 2350 praestans
1421 2270 1537 2331 Grono-

180 2372 281 2447 viauo‚
309 2373 387 2453 quod
415 2372 456 2433 ibi
486 2381 660 2452 separantur
682 2390 785 2433 versus
813 2390 829 2432 3
853 2371 1000 2433 Gronovio
1027 2370 1199 2433 continuati.
1243 2371 1276 2431 13
1307 2373 1385 2433 33333
1411 2372 1536 2435 lectione

180 2475 301 2537 31133333
331 2475 429 2537 utrius
457 2475 583 2556 exempli
614 2494 721 2537 naevos
749 2474 911 2553 singulares
938 2483 1030 2535 etex
1057 2474 1149 2536 altero
1176 2474 1310 2555 exemplo
1338 2476 1537 2537 emendandos

179 2579 355 2658 plerumque
377 2577 474 2640 omisi.
518 2578 692 2659 Exemplum
716 2577 931 2639 Cossouiauum
958 2595 1137 2656 quamquam
1159 2576 1281 2638 minime
1303 2578 1415 2640 bonum
1438 2587 1537 2640 tamen

179 2690 309 2762 praestat
329 2680 549 2761 Busbequiano;
572 2700 641 2743 narn
665 2690 694 2743 ct
716 2700 790 2760 quae
813 2682 843 2742 in
866 2682 923 2742 1333
944 2689 1053 2753 extant,
1076 2681 1107 2741 33
1130 2680 1310 2743 Gossoniano
1332 2681 1479 2743 habentur
1500 2681 1536 2743 ad

180 2783 305 2865 lapidem
330 2784 496 2857 emendata,
520 2793 550 2845 et
572 2783 739 2845 adiciuntur
761 2792 859 2864 partes
882 2784 937 2845 bae
961 2786 993 2857 1,
1010 2783 1124 2844 5-27.
1148 2782 1332 2857 cao—33.
1349 2784 1383 2858 5,
1399 2784 1535 2847 29-47.

180 2887 315 2967 Repetite
337 2895 408 2949 suut
430 2886 625 2949 additamenta
648 2886 827 2949 Cosconiana
848 2886 877 2947 iu
901 2886 1033 2966 corporis
1056 2886 1225 2949 Gruteriani
1247 2886 1375 2949 editione
1396 2888 1534 2950 secunda.

511 3157 560 3218 111.
594 3156 965 3219 Tovnrturouttunvu
987 3156 1203 3218 Exsurtvnt.

280 3298 334 3358 los.
357 3296 457 3358 Pitton
479 3296 515 3356 (13
536 3296 715 3358 Tourneiort
737 3295 808 3357 dum
831 3298 915 3359 iussu
938 3295 1015 3375 regis
1037 3295 1178 3358 Ludovici
1196 3294 1261 3355 xlv
1283 3295 1427 3358 orientem
1449 3316 1536 3377 pera-

179 3410 258 3479 grat,
285 3417 311 3459 a.
330 3399 409 3460 17111
432 3400 578 3479 Ancyram
606 3398 676 3460 adiit
702 3398 828 3478 indeque
857 3400 971 3460 rettulit
991 3398 1194 3460 commentarii
1217 3397 1340 3460 huiusce
1367 3400 1534 3480 exemplum

178 3503 218 3565 ita
240 3506 367 3575 1333333,
395 3510 431 3564 31
451 3501 493 3563 ait
513 3502 591 3582 apud
614 3502 802 3563 Edmundum
828 3501 960 3563 Gbishull
983 3502 1025 3578 (in
1048 3500 1272 3580 antiquitatibus
1294 3501 1427 3564 Asiaticis
1450 3502 1535 3564 editis

178 3605 317 3667 Loudinii
342 3605 422 3667 1728
445 3624 474 3685 p.
493 3604 581 3685 171),
610 3613 644 3667 31
666 3604 800 3666 versiculi
822 3604 984 3677 versiculis,
1007 3603 1127 3665 lacunae
1148 3604 1270 3679 1333333,
1293 3605 1427 3667 mutilata
1448 3606 1535 3667 verba

178 3709 321 3771 mutilatis
354 3708 579 3789 responderent,
613 3708 701 3787 idque
730 3709 832 3769 eodem
862 3725 940 3768 anno
969 3715 1093 3768 exeunte
1116 3708 1258 3787 Smyrnae
1283 3707 1444 3770 Gbisbullio
1473 3717 1535 3770 tra-

179 3811 252 3873 didit
274 3810 351 3892 typis
374 3810 399 3873 si
420 3810 569 3873 rideretur
589 3809 745 3889 aliquando
767 3810 973 3890 evulgandum.
1003 3809 1069 3891 lpse
1091 3810 1133 3872 ait
1151 3810 1183 3872 in
1198 3812 1331 3892 epistula,
1354 3832 1443 3891 quam
1458 3813 1536 3875 inter

178 3914 390 3976 schediasmate
412 3913 476 3975 eius
490 3914 623 3975 Parisino
646 3913 776 3995 repperit
792 3913 964 3986 Schoenus,
987 3913 1096 3993 scripta
1117 3915 1136 3975 d
1155 3914 1254 3976 11313
1271 3919 1397 3995 premier
1410 3915 1536 3977 3331133333

179 4018 321 4098 Smyrnae
348 4018 376 4079 d.
400 4016 429 4078 6.
452 4016 512 4078 133.
540 4016 636 4091 17112,
670 4017 856 4098 dncyranum
890 4016 947 4077 iter
980 4035 1135 4079 enarrans:
1171 4016 1200 4078 lc
1232 4020 1276 4077 333
1305 4018 1338 4078 313
1368 4017 1536 4097 1333333333
1590 4014 1607 4040 ’

178 4119 300 4200 daquste
322 4130 363 4182 est
384 4121 466 4181 333313
486 4138 539 4181 sur
562 4118 601 4181 133
622 4120 772 4182 3333331133
794 4121 834 4183 du
852 4138 981 4201 prorems
997 4120 1065 4182 d’uo
1080 4120 1181 4200 3333313
1204 4120 1237 4182 de
1252 4120 1382 4190 3333133,
1406 4122 1472 4182 doru
1496 4122 1536 4183 les

177 4226 278 4285 33333333
299 4232 361 4285 sont
384 4222 439 4284 tre's
462 4221 562 4296 1311333
586 4222 650 4302 j'eo
672 4240 709 4301 ay
731 4225 808 4303 copie'
833 4243 862 4285 ce
885 4244 938 4304 que
960 4225 985 4285 le
1007 4234 1095 4305 temps
1118 4243 1135 4284 u
1158 4226 1290 4304 dpcrqnl.
1327 4223 1361 4284 ln
1384 4223 1534 4285 itinerario

178 4326 255 4387 edito
278 4325 413 4401 (33133333
435 4324 505 4387 31333
518 4344 623 4406 ooyoqe
646 4325 685 4387 du
700 4326 814 4390 133333.
831 4326 913 4409 Lyon
931 4328 1012 4388 1717
1028 4326 1083 4388 vol.
1101 4326 1119 4387 3
1143 4347 1171 4408 p.
1188 4325 1263 4404 317)
1279 4326 1380 4388 aedem
1397 4326 1535 4389 describit

178 4438 206 4491 et
238 4436 354 4510 portam
388 4437 588 4509 repraesentat
609 4448 675 4492 aere
708 4450 875 4511 expressam
922 4430 999 4509 (vide
1033 4449 1122 4511 supra
1153 4450 1182 4511 p.
1205 4430 1274 4508 uu),
1310 4429 1533 4510 inscriptionem

178 4533 287 4595 addens
320 4532 428 4595 editam
461 4552 525 4595 esse
558 4534 635 4615 apud
667 4534 826 4596 Gruterum
860 4541 890 4595 et
923 4533 1111 4595 Gronovium.
1160 4533 1314 4595 Praeterea
1340 4533 1371 4594 in
1401 4533 1534 4613 exemplo

178 4635 336 4698 memoriae
358 4636 554 4698 Cossouianae
584 4637 641 4698 lac.
665 4637 817 4712 Gronorii,
847 4636 926 4717 quod
956 4638 1014 4699 tuit
1034 4636 1103 4698 olim
1127 4636 1307 4716 Spaubemii‚
1330 4654 1412 4698 nunc
1433 4645 1479 4698 est
1504 4636 1535 4696 in

178 4739 352 4802 bibliotheca
380 4740 459 4820 regis
481 4739 662 4803 Berolinensi
690 4741 873 4821 (Ρ136917),
898 4740 1083 4803 monumenti
1104 4739 1249 4820 dncyraui
1271 4739 1405 4819 exemplo
1427 4738 1534 4801 03333-
