3525 5417
621 328 778 386 TITVLVS
796 328 1020 386 rfflvsrntrs
1434 333 1496 396 173

143 509 268 572 Caesare
299 510 364 572 data
396 529 428 572 se
454 509 547 572 arceri
568 511 600 590 (l.
625 529 649 570 c.
673 530 697 571 c.
721 509 784 590 89).
827 510 929 591 Neque
951 510 981 571 in
1004 517 1065 572 tota
1088 509 1254 572 narratione
1275 510 1361 590 legati
1383 510 1498 572 Ciliciae

143 615 259 676 mentio
281 615 324 688 lit,
347 632 421 694 quae
443 612 540 675 omitti
562 631 621 674 non
644 613 749 694 potuit,
772 614 798 675 si
820 615 926 677 luisset
947 633 982 676 eo
1005 622 1144 693 tempore,
1167 632 1263 693 neque
1277 613 1377 676 Pisoni
1398 623 1498 696 postea

141 718 274 780 obicitur
294 737 364 780 eum
385 717 565 798 provinciam
588 717 710 779 ahenam
733 717 882 792 invasisse,
905 719 956 780 sed
978 739 1061 780 suom
1083 722 1171 780 urrais
1191 722 1351 798 repetivisse
1373 720 1403 795 (l.
1420 738 1445 781 c.
1468 718 1497 794 3,

146 821 277 898 1216)
306 831 336 883 et
362 821 466 884 bellum
488 825 652 901 provicare
677 821 806 884 intulisse
832 821 863 895 (l.
887 840 911 882 c.
940 821 969 892 3,
995 821 1055 902 14).
1103 821 1177 883 Item
1206 821 1418 902 expeditionem
1446 822 1499 883 ad-

142 943 249 987 versus
271 924 360 987 Clitas
386 925 417 986 in
439 923 537 986 Cilicia
564 943 666 1004 aspera
687 923 865 986 simillimam
890 923 1106 987 Homonadensi
1129 924 1174 986 bis
1195 943 1220 986 a.
1243 945 1272 1004 p.
1295 925 1326 986 C.
1342 923 1383 987 36
1405 933 1435 986 et
1458 925 1497 987 52

142 1041 341 1109 susceperunt
370 1028 469 1109 Syriae
496 1029 546 1108 qui
574 1047 608 1089 eo
635 1036 767 1108 tempore
793 1030 985 1108 praefuerunt
1013 1028 1044 1102 (l.
1068 1047 1092 1089 c.
1123 1028 1151 1101 6,
1175 1029 1224 1089 41.
1250 1028 1298 1101 12,
1316 1029 1378 1104 55).
1422 1027 1498 1090 Pro-

142 1132 228 1212 prius
255 1141 353 1194 autem
376 1130 492 1194 Cihciae
518 1131 630 1211 legatus
658 1131 756 1192 nullos
778 1131 928 1193 invenitur
950 1139 1015 1193 ante
1039 1130 1246 1193 Cossutianum
1270 1131 1440 1212 Capitonem
1462 1151 1497 1194 ex

143 1234 245 1296 Cilicia
272 1235 501 1316 repetundarum
528 1243 698 1296 accusatum
726 1253 751 1295 a.
774 1254 803 1314 p.
826 1235 857 1296 C.
881 1235 921 1296 58
950 1234 1053 1314 (Tacit.
1075 1251 1143 1295 ann.
1169 1232 1217 1304 13,
1240 1233 1292 1308 33)
1302 1234 1336 1312 ¹).
1360 1269 1400 1279 —
1423 1235 1498 1298 Huic

143 1337 288 1418 opinioni,
310 1338 440 1400 Ciliciam
462 1357 498 1400 eo
520 1346 653 1418 tempore
675 1337 730 1399 sub
752 1338 884 1419 praeside
906 1337 1005 1419 Syriae
1026 1336 1127 1410 tuisse,
1150 1335 1219 1397 olim
1244 1354 1259 1396 a
1282 1336 1406 1398 Baronio
1428 1356 1498 1417 pro-

142 1441 258 1522 positae
291 1461 468 1521 quamquam
503 1441 568 1503 sine
601 1441 712 1503 idoneis
740 1441 936 1521 argumentis,
969 1440 1056 1502 bodie
1084 1458 1166 1513 vero,
1199 1449 1354 1519 postquam
1383 1460 1436 1520 ego
1465 1441 1496 1502 in

142 1545 271 1625 epistula
303 1546 339 1607 ad
361 1546 580 1624 Bergmannum
609 1563 674 1606 earn
701 1544 816 1618 reduxi,
849 1545 938 1606 etiam
966 1542 1141 1622 aZumptio
1167 1542 1201 1622 (l.
1223 1563 1248 1603 o.
1271 1561 1300 1622 p.
1321 1543 1361 1604 95
1384 1543 1442 1624 sq.)
1469 1553 1499 1606 et

141 1647 322 1730 Nipperdeio
344 1648 392 1727 (ad
415 1647 483 1709 Tac.
506 1666 574 1708 ann.
597 1647 626 1720 2,
643 1646 695 1725 43)
718 1648 872 1720 admissae,
895 1647 1029 1708 Norisius
1052 1650 1158 1724 (cenot.
1181 1644 1240 1707 Pis.
1262 1664 1291 1725 p.
1308 1645 1381 1723 219)
1405 1666 1498 1728 oppo-

143 1751 208 1814 suit
228 1752 307 1831 quod
328 1752 436 1832 legitur
456 1751 533 1831 apud
550 1750 724 1814 Strabonem
749 1753 797 1824 14,
814 1753 842 1827 5,
859 1752 878 1812 6
901 1770 928 1831 p.
946 1752 1005 1812 671
1031 1751 1196 1830 Augustum
1212 1747 1342 1811 Ciliciam
1364 1769 1497 1832 asperam

143 1855 297 1934 regionem
326 1859 417 1917 leram
440 1864 470 1916 et
491 1853 654 1916 latronibus
676 1854 814 1917 infestam
836 1855 892 1916 sub
915 1854 1031 1935 regibus
1055 1873 1118 1916 esse
1143 1853 1280 1916 maluisse
1300 1849 1320 1936 ἢ
1339 1849 1405 1917 ὕπὸ
1428 1863 1499 1928 τοῖς

139 1953 318 2039 Ῥωμαίοις
351 1953 508 2042 ἡγεμόσιν
540 1965 611 2030 τοίς
650 1955 708 2019 ἐπὶ
738 1959 796 2032 τὰς
830 1960 954 2040 κρίσεις
992 1959 1239 2038 πεμπομένοις,
1275 1959 1311 2019 ot*
1340 1954 1412 2040 μήτ’
1445 1953 1498 2018 ἀεὶ

143 2069 307 2138 παρεῖναι
329 2057 466 2141 ἔμελλον
486 2056 567 2142 μήτε
588 2061 669 2140 μεθ’
699 2056 830 2125 ὅπλον.Ι
863 2060 978 2122 excludi
1000 2060 1038 2122 ita
1061 2059 1159 2140 Syriae
1184 2060 1312 2140 legatum
1342 2060 1497 2122 habentem

142 2171 207 2225 tres
238 2163 367 2242 legiones
400 2172 430 2225 et
460 2163 688 2242 intellegendum
715 2184 780 2226 esse
812 2163 928 2226 Ciliciae
959 2164 1112 2226 inermem.
1155 2163 1194 2224 ht
1216 2163 1321 2225 Strabo
1347 2164 1403 2225 hoc
1435 2164 1499 2225 loco

143 2265 254 2346 cogitat
279 2267 316 2328 de
341 2267 424 2347 regni
448 2267 591 2347 Amyntae
619 2267 773 2342 divisione,
806 2287 866 2347 quo
899 2269 1052 2330 interfecto
1083 2266 1181 2328 Cilicia
1202 2285 1312 2347 aspera,
1347 2275 1380 2329 ut
1411 2285 1500 2347 supra

142 2369 216 2444 dixi,
249 2371 354 2433 tradita
386 2379 432 2432 est
459 2370 601 2432 Archelao
632 2371 694 2452 regi
715 2370 921 2453 Cappadociae,
952 2371 1062 2433 Galatia
1095 2379 1192 2431 autem
1228 2389 1295 2432 cum
1330 2369 1498 2450 regionibus

142 2474 336 2536 conterminis
358 2483 388 2536 et
401 2474 572 2554 Pamphylia
588 2483 688 2556 utpote
702 2476 863 2556 pacatiores
877 2477 908 2536 in
925 2474 1090 2555 provinciae
1109 2476 1233 2536 sormam
1250 2474 1383 2536 redactae
1397 2473 1499 2553 legatis

141 2577 321 2640 commissae
336 2586 407 2640 sunt
420 2577 549 2658 legiones
565 2597 624 2640 non
639 2578 825 2640 habentibus
859 2577 920 2639 llos
936 2579 1045 2657 legatos
1057 2576 1161 2640 Strabo
1176 2577 1317 2657 intellegit
1329 2577 1455 2639 Galatiae
1469 2585 1501 2640 et

141 2679 346 2761 Pamphyliam
369 2681 404 2742 de
426 2681 524 2743 Cilicia
545 2681 702 2763 provincia,
725 2682 760 2742 ad
784 2700 872 2761 quam
895 2682 975 2742 nulla
997 2682 1092 2762 portio
1115 2681 1198 2760 regni
1221 2682 1364 2761 Amyntae
1385 2681 1497 2743 adiecta

141 2791 201 2857 est,
223 2783 364 2845 hocloco
390 2803 450 2846 non
477 2785 622 2865 cogitavit.
665 2785 757 2848 hlulto
785 2785 885 2847 minus
914 2785 1012 2846 obstat
1037 2786 1116 2863 quod
1145 2786 1222 2866 apud
1245 2784 1367 2846 Dionem
1391 2784 1498 2860 53,12

141 2885 224 2947 inter
243 2887 408 2966 provincias
428 2888 632 2969 imperatorias
660 2898 854 2951 numerantur
885 2887 939 2950 καί
966 2883 984 2970 ι)
1013 2890 1117 2972 Συρία
1143 2883 1163 2970 ἡ
1190 2886 1284 2971 sailly
1318 2885 1498 2972 καλουμένη

142 2983 167 3071 ἢ
199 3012 234 3051 τε
268 2992 406 3074 Φοινίκη
439 2993 495 3053 καὶ
528 2990 663 3055 Κιλικία
695 2992 750 3054 καὶ
787 2988 930 3076 Κύπρος.
980 2990 1055 3053 Nam
1088 3011 1156 3054 cum
1185 2991 1299 3073 Syriam
1330 2990 1437 3053 Coelen
1470 3000 1500 3053 et

144 3091 315 3156 Phoenicen
337 3095 430 3157 eidem
454 3096 549 3176 legato
571 3105 634 3158 tum
656 3097 788 3176 paruisse
809 3105 840 3158 et
853 3096 971 3157 aliunde
987 3103 1102 3158 constet
1117 3104 1147 3157 et
1162 3115 1197 3158 ex
1211 3097 1276 3177 ipso
1291 3095 1377 3158 titulo
1392 3094 1500 3157 libur-

145 3197 219 3272 tino,
252 3198 329 3260 idem
362 3199 461 3262 locum
489 3200 596 3261 babere
622 3198 720 3280 potuit
747 3199 778 3260 in
812 3181 923 3273 Cilicia,
949 3207 979 3261 et
1006 3199 1069 3279 ipse
1096 3197 1149 3260 Dio
1183 3199 1262 3260 addit
1288 3217 1439 3260 recensere
1468 3218 1500 3260 se

144 3301 311 3381 provincias
333 3302 368 3364 ad
390 3303 438 3364 sui
460 3303 600 3385 temporis
623 3302 924 3374 administrationem,
955 3300 1030 3364 ἐπεὶ
1058 3300 1096 3365 τό
1122 3325 1159 3380 γε
1189 3297 1328 3385 ἀρχαῖον
1356 3301 1411 3364 καὶ
1441 3300 1499 3364 ἐπὶ

144 3402 310 3469 πολὺκαὶ
334 3403 453 3470 σύνδυο
476 3390 690 3489 ediceremus
711 3406 753 3467 τὰ
780 3404 861 3488 ἔθνη
891 3399 960 3487 ἅμα
985 3401 1108 3488 ἤρχετο.
1131 3441 1172 3451 -
1202 3405 1279 3468 llaec
1306 3406 1357 3487 qui
1385 3405 1499 3487 probat,

145 3507 174 3568 ei
202 3507 360 3571 dicendum
398 3509 456 3571 erit
483 3509 650 3583 Quirinium
690 3508 930 3571 Homonadenses
969 3507 1074 3570 vicisse
1104 3509 1203 3590 Syriae
1232 3510 1374 3589 legatum,
1408 3527 1500 3588 eaque

145 3611 292 3692 expeditio
313 3631 381 3674 cum
404 3614 565 3675 secundum
582 3613 715 3675 Tacitum
731 3617 805 3675 lacta
822 3612 861 3674 sit
874 3612 953 3674 inter
967 3631 993 3674 a.
1010 3611 1071 3673 742
1087 3621 1117 3674 et
1132 3613 1202 3686 756,
1226 3620 1341 3693 praeter
1363 3621 1498 3674 testatam

145 3713 217 3775 anni
240 3715 302 3777 759
324 3715 413 3778 altera
436 3716 569 3789 Quirinio
592 3717 691 3798 Syriae
718 3716 823 3796 legatio
851 3716 946 3777 danda
974 3724 1028 3789 est,
1051 3735 1139 3796 quam
1163 3716 1316 3778 commode
1338 3719 1499 3777 reseremus

144 3817 182 3878 ad
204 3836 230 3878 a.
247 3819 305 3879 751
330 3828 361 3880 et
382 3819 444 3881 752
466 3839 518 3901 per
539 3819 569 3882 id
591 3829 709 3901 tempus
730 3820 810 3882 solos
836 3822 896 3880 lere
925 3819 995 3897 satis
1024 3829 1158 3892 vacantes
1186 3829 1215 3881 et
1242 3818 1321 3883 iusto
1348 3819 1499 3882 intervallo

145 3940 163 3983 a
185 3921 340 3984 consrdatu
362 3933 520 4003 separatos.

247 4023 276 4084 2.
310 4025 341 4086 C.
369 4025 474 4089 Caesar
505 4027 537 4089 in
563 4025 714 4088 Orientem
748 4025 857 4087 missus
885 4044 911 4086 a.
940 4023 1000 4085 753
1028 4023 1127 4104 ibique
1155 4044 1180 4086 a.
1211 4025 1272 4086 757
1301 4025 1329 4085 d.
1352 4023 1437 4086 Febr.
1458 4023 1498 4084 21

146 4127 302 4189 defunctus
324 4137 452 4191 rectores
474 4129 577 4192 habuit
597 4128 728 4210 primum
751 4128 788 4189 hl.
812 4127 948 4204 Lollium,
971 4127 1075 4190 deinde
1096 4147 1131 4190 eo
1153 4137 1270 4191 mortuo
1293 4146 1361 4190 eum
1383 4129 1500 4209 dequo

146 4229 262 4310 agimus
285 4230 453 4303 Quirinium
476 4232 555 4313 (Tac.
577 4233 598 4293 l.
612 4250 656 4293 c:
688 4233 772 4296 dctus
792 4243 884 4294 rector
908 4230 939 4293 0.
965 4230 1084 4294 Caesare·
1103 4231 1268 4294 Απιιιοίοιο
1290 4233 1441 4308 obtineati;
1463 4235 1500 4294 el.

248 4405 269 4471 ¹)
287 4403 353 4456 Ludi
371 4405 418 4455 sub
435 4404 582 4456 homitieuo
602 4405 644 4457 vel
661 4411 720 4472 post
741 4421 796 4456 eum
820 4405 946 4457 celebrati
964 4405 1114 4457 Antiochiae
1132 4405 1232 4460 nomine
1252 4405 1375 4472 Syrorum
1394 4405 1501 4458 Cilicum

145 4489 298 4540 Phoenicum
314 4485 342 4555 (ὁ
360 4486 432 4554 ἱερὸς
449 4487 657 4562 πενιαετηρικὸς
672 4489 766 4548 κοινὸς
781 4493 886 4562 Συρίας
903 4493 1026 4548 Κιλικίας
1043 4491 1183 4555 Φοινείκης
1201 4487 1231 4542 ἒν
1244 4483 1411 4559 Ἀντιοχείᾳ),
1433 4499 1501 4544 teste

147 4578 227 4628 titulo
240 4575 411 4642 Neapolitano
428 4583 500 4627 recte
517 4577 586 4628 edito
606 4579 670 4644 apud
687 4577 832 4630 lleozeuurn
849 4577 916 4630 rot.
934 4577 991 4630 dell'
1002 4577 1065 4630 Iret.
1086 4577 1150 4629 1877
1169 4593 1192 4644 p.
1208 4577 1264 4638 199,
1283 4593 1428 4644 quamquam
1446 4580 1501 4630 sine

147 4663 227 4714 dubio
245 4678 278 4714 ex
291 4663 394 4728 antiqua
407 4663 452 4713 111ι
465 4665 638 4717 communione
652 4666 776 4730 originem
788 4666 926 4729 duxerunt,
944 4666 1037 4716 durare
1051 4669 1188 4730 potuerdnt
1200 4679 1228 4714 ea
1242 4664 1335 4724 solnta,
1356 4679 1502 4732 quamquam

146 4751 227 4801 aliter
247 4757 354 4802 arcent
373 4750 505 4802 llenzenus
523 4753 540 4803 l.
554 4768 576 4803 c.
595 4759 620 4803 et
637 4751 825 4820 hlarqnardtius
841 4751 1004 4803 Staatmerw.
1029 4752 1059 4802 l’
1079 4768 1102 4819 p.
1116 4751 1173 4802 987.
