3525 5417
240 315 303 379 190
775 304 1066 362 onunocnsemn

239 501 298 554 tarn
335 491 448 552 numeri
482 508 570 569 quam
604 507 678 568 quac
706 496 777 549 sunt
804 489 965 552 consulibus
993 499 1023 549 et
1050 494 1210 552 sestertium
1235 508 1413 569 quamquam
1444 489 1600 569 aliquoties

238 603 353 668 notata,
386 593 571 674 frequentius
603 591 796 654 inveniuntur
827 594 989 673 perscripta
1017 594 1057 674 (v.
1079 592 1205 654 indicem
1234 593 1419 673 verborum);
1449 603 1600 674 praeterea

238 707 337 760 autem
369 697 541 778 compendia
572 695 652 758 nulla
686 695 793 756 adsunt
824 696 870 756 vel
896 696 1026 759 adfuisse
1052 696 1189 758 videntur
1215 696 1274 758 nisi
1299 717 1321 758 s.
1343 717 1367 758 c.
1395 698 1488 759 semel
1513 716 1543 758 vr
1561 716 1598 771 or,

238 801 309 883 dap.
333 810 413 863 certo
435 820 463 860 ιι
479 817 505 860 ιι
527 799 558 861 in
581 801 639 861 line
661 817 772 873 versus,
795 801 920 861 tortasse
942 799 1012 862 item
1033 818 1062 860 ιι
1080 821 1116 862 ιι.
1146 798 1432 881 Αοοιάἱῑιίοιιι(ιιιιι’)
1447 796 1478 861 in
1493 798 1601 861 indicis

238 924 265 965 v.
283 907 297 965 1
324 913 455 966 extremo
483 912 512 965 et
534 903 565 963 in
589 912 671 984 parte
694 903 802 966 Graeca
825 923 885 968 ιιιι
905 924 1045 966 narona·
1067 903 1097 964 in
1124 903 1182 965 line
1204 921 1308 965 versus
1330 903 1424 984 spatio
1448 903 1601 965 deficiente

238 1008 368 1089 positum
401 1027 455 1088 pro
488 1003 663 1086 παρόντος.
697 1041 739 1050 -
768 1006 1007 1087 Uniuscuiusque
1034 1005 1137 1087 eapitis
1163 1006 1261 1069 littera
1287 1009 1383 1089 prima
1410 1007 1535 1081 eminet3
1568 1007 1601 1067 in

238 1113 296 1174 line
326 1112 400 1174 solet
422 1110 548 1172 adscribi
573 1129 688 1171 comma
711 1113 821 1172 turmae
857 1115 897 1185 7,
920 1110 1016 1172 rarius
1042 1109 1067 1171 3.
1105 1109 1215 1171 Eodem
1239 1110 1322 1190 signo
1344 1111 1425 1172 taber
1446 1110 1601 1190 aliquoties

238 1215 291 1295 (ut
318 1234 353 1276 ιι
377 1234 406 1276 ιι
422 1213 451 1294 ι)
484 1233 557 1275 usus
590 1221 636 1276 est
671 1231 708 1275 ne
736 1215 987 1276 confunderentur
1018 1213 1191 1293 paginarum
1224 1214 1350 1277 duarum
1385 1232 1488 1275 versus
1518 1213 1602 1273 iuxta

238 1317 328 1399 positi
366 1318 452 1379 sobto
485 1318 643 1379 interstitio
677 1317 839 1380 deficiente.
896 1317 1046 1380 similibus
1079 1315 1200 1396 virgulis
1233 1317 1264 1379 in
1298 1316 1457 1398 exemplari
1490 1316 1602 1377 Graeco

238 1421 417 1502 principium
451 1430 510 1483 tam
540 1419 660 1483 secundi
688 1420 807 1501 parietis
834 1420 930 1482 Latini
952 1439 1040 1500 quam
1064 1421 1186 1482 auctarii
1210 1419 1331 1482 indicari
1355 1439 1444 1501 supra
1464 1439 1494 1500 p.
1509 1437 1603 1480 snm

240 1526 420 1587 monuimus.
463 1523 557 1586 Etiam
586 1523 662 1585 intra
685 1524 781 1605 capita
804 1544 862 1604 quo
885 1523 1070 1586 commodius
1092 1524 1178 1586 lectio
1201 1524 1386 1604 procederet,
1414 1524 1496 1586 faber
1517 1542 1604 1585 com-

240 1639 317 1690 mata
346 1627 519 1708 significavit
547 1626 701 1706 aliquoties
730 1628 822 1707 signis
845 1627 963 1701 iisdem,
986 1627 1161 1708 plerumque
1183 1627 1357 1708 interposita
1379 1629 1490 1708 virgula
1521 1648 1534 1687 ι
1556 1626 1605 1687 vel

239 1731 398 1793 interstitio
428 1731 500 1792 solo.
546 1728 676 1792 Omnino
705 1749 737 1792 re
765 1750 824 1792 non
851 1731 992 1792 differunt
1019 1730 1206 1810 pendentque
1232 1731 1269 1792 ab
1297 1731 1418 1794 arbitrio
1445 1731 1603 1793 scribentis

242 1844 328 1897 uotae
351 1836 404 1896 bae
427 1853 540 1897 omnes.
578 1833 634 1895 Eas
658 1832 683 1894 si
706 1833 834 1913 quierit
857 1833 909 1914 qui
930 1842 1022 1905 curat,
1046 1833 1159 1895 tabulas
1182 1834 1319 1915 inspiciat
1340 1835 1438 1896 omnia
1452 1835 1500 1896 illa
1516 1835 1604 1915 plene

239 1947 502 2019 repraesentantes.
525 1971 568 1982 -
590 1935 631 1997 ue
652 1936 890 2018 interpunctione
913 1936 1061 1999 sufficient
1074 1955 1149 2016 quae
1164 1937 1240 2000 dicta
1256 1947 1327 2000 sunt
1341 1958 1370 2018 p.
1386 1957 1490 2000 xxxvi:
1513 1937 1604 1998 verba

239 2043 270 2104 in
293 2043 409 2104 Graecis
433 2041 653 2113 continuantur,
675 2040 705 2101 in
729 2040 840 2102 Latinis
863 2048 1036 2121 separantur
1057 2041 1174 2120 punctis
1193 2040 1376 2122 interpositis
1390 2041 1474 2121 plene
1489 2049 1520 2102 et
1534 2039 1605 2100 dili-

240 2153 350 2226 genter,
373 2145 484 2206 scilicet
506 2153 539 2206 ut
560 2143 792 2225 praepositiones
815 2163 901 2224 saepe
920 2143 1053 2204 encbtice
1075 2142 1267 2204 substantivis
1282 2143 1342 2206 suis
1357 2139 1604 2223 adiungantur¹);

239 2257 372 2311 ceterum
395 2248 425 2309 in
448 2247 520 2309 locis
543 2248 618 2309 male
641 2246 748 2308 babitis
770 2257 879 2327 puncta
902 2247 1011 2327 passim
1035 2264 1095 2307 non
1119 2255 1179 2307 tam
1203 2245 1312 2308 omissa
1334 2266 1399 2309 esse
1421 2266 1511 2328 quam
1533 2265 1606 2308 eva·

241 2353 343 2414 nuisse
366 2359 597 2414 consentaneum
621 2358 675 2412 est.

344 2455 409 2535 lpse
438 2453 588 2533 Augustus
622 2471 689 2514 cum
727 2451 757 2512 in
789 2451 924 2514 versibus
952 2451 1092 2514 extremis
1119 2453 1258 2515 vocabula
1285 2472 1344 2515 non
1372 2453 1518 2527 diviserit,
1551 2454 1606 2516 sed

242 2567 316 2622 teste
347 2557 489 2620 Suetonio
516 2576 541 2618 c.
565 2556 605 2619 87
634 2556 669 2617 ab
697 2563 826 2618 eruenta
858 2564 942 2637 parte
972 2573 1111 2617 versuum
1140 2556 1323 2619 abundantes
1348 2556 1463 2620 litteras
1492 2556 1604 2619 ibidem

243 2661 401 2724 subiecerit
422 2670 452 2723 et
474 2658 715 2732 circumduxerit,
742 2678 831 2739 quam
853 2679 918 2721 esse
940 2659 1184 2722 consuetudinem
1207 2659 1401 2738 antiquiorem
1424 2659 1606 2738 intellegitur

241 2785 278 2827 ex
299 2765 363 2827 eius
386 2764 527 2846 temporis
555 2763 765 2836 monumentis,
794 2763 1025 2825 commentarius
1046 2782 1135 2843 quem
1164 2763 1307 2824 babemus
1329 2762 1359 2824 in
1382 2763 1438 2824 bac
1458 2782 1491 2824 re
1513 2781 1605 2824 usum

242 2869 389 2949 vulgarem
418 2868 552 2948 sequitur
573 2867 770 2946 vocabuloque
793 2885 878 2947 saepe
902 2865 1022 2939 dividit,
1052 2874 1086 2928 ut
1107 2874 1207 2927 tamen
1229 2866 1406 2946 syllabarum
1430 2866 1605 2928 divisionem

242 2971 294 3034 nbi
315 2991 374 3052 quo
396 2972 460 3034 loco
483 2971 546 3032 fieri
568 2970 672 3032 debeat
695 2969 824 3031 dubitari
847 2978 945 3050 potest
967 2968 1099 3030 videatur
1120 2969 1243 3045 evitare;
1265 2978 1344 3032 certe
1366 2989 1403 3031 ex
1425 2969 1482 3032 boc
1498 2988 1607 3050 geum

242 3095 302 3137 non
325 3073 476 3136 observavi
498 3074 556 3136 nisi
577 3074 655 3154 quod
678 3081 724 3134 est
745 3090 766 3132 ιι
777 3090 801 3133 ιι
828 3072 1051 3153 sucrosunlctue]
1068 3081 1098 3134 et
1118 3091 1147 3132 ιι
1158 3093 1181 3134 ιι
1202 3070 1392 3153 ιοηιιιιξριὶι.

343 3178 446 3259 dpices
472 3177 662 3258 reperiuntur
688 3175 880 3256 superscripti
908 3175 1057 3237 vocalibus
1084 3177 1234 3251 de'dd,
1263 3177 1354 3238 semel
1376 3183 1492 3238 tanturn
1517 3176 1542 3252 (l
1567 3177 1607 3237 15

242 3282 386 3361 scaldem)
409 3300 497 3362 supra
519 3285 538 3355 ι’,
562 3299 639 3355 cunr,
662 3278 715 3342 nbi
736 3277 865 3359 reliquae
888 3279 1001 3341 vocales
1023 3279 1135 3359 apicem
1150 3279 1305 3360 recipiunt,
1320 3279 1392 3340 baec
1406 3280 1503 3341 littera
1518 3298 1609 3360 supra

242 3385 348 3446 lineam
378 3383 508 3445 eminere
536 3383 636 3444 soleat.
689 3383 781 3444 Positi
810 3391 881 3445 sunt
907 3383 1069 3446 secundum
1098 3385 1162 3446 eius
1186 3384 1249 3446 aevi
1275 3383 1519 3446 consuetudinem
1546 3386 1610 3444 tre-

244 3495 370 3567 quenter
398 3487 528 3566 adeoque
555 3485 585 3547 in
615 3485 790 3566 quibusdam
814 3487 963 3549 vocabulis
986 3486 1301 3566 terminationibusque
1323 3486 1407 3566 quasi
1429 3495 1609 3560 constanter,

243 3598 277 3651 ut
307 3598 405 3651 tamen
434 3607 646 3669 saepenumero
673 3588 812 3670 adscripti
839 3609 899 3652 non
923 3590 997 3664 sint,
1025 3588 1076 3652 ubi
1099 3600 1177 3650 recte
1202 3588 1272 3670 poni
1295 3598 1466 3670 potuerunt.
1502 3589 1612 3650 Paucis

243 3691 315 3754 locis
338 3691 385 3770 (ut
407 3696 515 3753 crvlca
540 3711 566 3753 ιι
588 3711 612 3752 ιι
635 3727 677 3737 -
699 3695 811 3754 svmnl
835 3710 864 3751 ιι
880 3690 920 3771 ιι)
942 3710 1014 3772 apex
1030 3690 1113 3753 adest
1126 3711 1216 3773 super
1229 3693 1358 3755 vocalem
1374 3693 1493 3755 brevem
1509 3709 1613 3753 errore

242 3795 348 3857 fabrili.
377 3794 573 3875 Dipbtbongis
597 3813 745 3874 nusquam
767 3793 944 3857 adscribitur
965 3797 1046 3874 (nam
1070 3799 1148 3856 isos
1170 3815 1198 3856 ιι
1212 3815 1238 3858 aa
1265 3815 1348 3857 error
1368 3804 1416 3857 est
1429 3801 1612 3876 operarum),

244 3898 366 3960 omnino
396 3898 535 3978 quoniam
567 3899 598 3959 in
626 3899 662 3960 iis
690 3899 725 3958 de
754 3895 918 3978 quantitate
944 3896 1070 3958 dubitari
1097 3916 1157 3958 non
1182 3908 1294 3979 potest;
1321 3899 1373 3960 sed
1397 3899 1423 3960 is
1446 3916 1519 3960 usus
1540 3898 1615 3959 buic

243 4010 438 4064 monumento
467 4005 592 4063 tortasse
621 4001 759 4083 proprius
782 4010 841 4074 est,
870 4019 938 4062 curn
965 4011 1115 4080 praeterea
1140 4001 1250 4080 passim
1277 4021 1350 4082 apex
1371 4001 1536 4082 reperiatur
1557 4002 1614 4062 ad·

247 4104 376 4186 scriptus
400 4105 598 4186 diphthongis.
627 4141 667 4150 —
696 4103 801 4184 Apices
830 4111 860 4164 et
880 4109 894 4164 ι’
913 4103 1092 4166 eminentem
1115 4104 1144 4165 in
1170 4103 1426 4166 terminationibus
1448 4104 1615 4166 substanti·

358 4393 380 4460 ¹)
408 4393 548 4460 Propterea
571 4400 692 4460 punctum
717 4392 804 4444 delicit
827 4408 875 4442 non
900 4393 997 4444 detrito
1020 4392 1116 4459 lepide,
1137 4393 1183 4444 sed
1205 4392 1315 4443 consilio
1340 4391 1480 4444 scribentis
1503 4399 1562 4459 post
1585 4395 1615 4442 in

248 4479 367 4530 insonti.
394 4478 446 4530 1³.
469 4480 508 4531 tc.
528 4480 567 4532 l'l.
595 4479 674 4529 1121.
693 4479 732 4529 30.
764 4477 795 4530 lll
815 4480 839 4530 9.
857 4479 898 4529 22.
916 4479 957 4529 tt.
989 4478 1065 4531 tVt.
1083 4477 1297 4531 5.s.2t.to.tt
1317 4478 1364 4529 bis.
1384 4479 1480 4529 ltus.
1511 4479 1615 4530 Vbi.

248 4565 290 4616 31.
310 4566 350 4616 35.
369 4565 411 4615 tt.
445 4565 478 4616 Vl
499 4565 601 4630 13.15;
627 4563 865 4631 postudll1353
893 4572 952 4630 post
976 4563 1096 4615 esttt.
1115 4564 1162 4628 533
1189 4571 1247 4631 post
1266 4578 1316 4632 pro
1338 4561 1372 4614 Vl
1396 4563 1436 4614 16.
1476 4563 1615 4617 Praeterea

252 4651 478 4717 Domaszcvrsbio,
501 4653 543 4719 qui
567 4652 630 4702 baec
652 4659 771 4702 accurate
792 4658 942 4717 persecutus
962 4658 1015 4716 est,
1038 4651 1104 4701 idem
1121 4651 1258 4704 videbatur
1275 4665 1321 4700 usu
1340 4649 1445 4702 venisse
1462 4650 1568 4703 inser.2
1586 4653 1613 4702 iu

253 4741 278 4788 et
298 4739 465 4807 inpensarum
485 4746 512 4790 ct
529 4737 561 4790 lll
580 4737 612 4790 38
631 4738 656 4789 iu
675 4746 717 4791 tls
734 4733 851 4788 milliens.
