3525 5417
836 659 1010 738 OAPVr
1038 661 1094 735 IV

353 862 419 904 mr.
437 844 464 916 1,
478 861 503 904 οι
531 843 600 921 [Des]
621 843 710 904 ovina
733 842 928 922 triumphavi,
951 843 1004 902 tris
1025 843 1070 922 cpi
1088 840 1206 919 clarulis
1230 839 1404 922 triumphos.

386 966 431 1008 aa.
447 947 505 1022 2,s
536 945 599 1020 Δὶς
620 944 688 1026 ipsi
712 944 844 1028 κέλητος
866 940 1120 1026 ἐθριάμβεοσα],
1143 943 1212 1026 τρὶς
1233 942 1307 1026 [stp’
1329 938 1484 1026 ἅρματος.

291 1076 450 1139 Suetonius
471 1076 544 1157 Aug.
561 1076 616 1138 22;
648 1078 690 1140 bis
718 1095 807 1140 oecos
833 1080 976 1157 mperes
1002 1087 1042 1138 cst
1069 1077 1169 1138 urbem
1192 1085 1256 1155 post
1283 1073 1458 1155 Pbilrppsnsc
1484 1085 1511 1136 st
1537 1091 1639 1135 mne

286 1191 351 1261 post
371 1179 503 1243 Siculum
531 1180 644 1242 belluae
694 1180 780 1242 Prior
807 1180 902 1242 oratio
932 1179 1030 1241 habita
1057 1186 1103 1241 est
1124 1198 1149 1240 a.
1166 1198 1194 1240 u.
1210 1198 1236 1240 c.
1253 1179 1328 1252 714,
1358 1176 1433 1260 quod
1456 1196 1555 1259 pacem
1578 1195 1640 1238 cem

289 1283 329 1345 M.
346 1285 465 1347 Antonio
493 1285 561 1365 fecit
581 1284 649 1363 (aet.
670 1284 813 1364 triumph.
834 1283 943 1364 Capita
965 1283 1018 1345 Dio
1042 1283 1092 1356 48,
1116 1281 1187 1362 31);
1214 1281 1303 1343 altera
1330 1300 1368 1344 ce
1389 1279 1488 1344 Sicilia
1514 1280 1553 1342 id.
1569 1280 1638 1341 Ner.

290 1407 315 1447 a.
332 1387 393 1449 718
416 1386 484 1467 (act.
499 1387 565 1461 cit.;
586 1387 640 1449 Die
656 1388 707 1461 49,
732 1389 785 1463 15;
807 1387 952 1450 Eusebius
975 1387 1038 1450 loco
1061 1405 1121 1448 nen
1137 1405 1191 1447 suo
1206 1385 1242 1447 ad
1258 1404 1283 1446 a.
1299 1384 1368 1446 Abr.
1387 1384 1467 1446 1986
1484 1383 1545 1445 siue
1559 1383 1640 1445 urbis

290 1490 366 1551 724:
399 1486 590 1566 Αὔγουστος
612 1486 713 1563 πεζὸν
733 1487 958 1573 ἐθριάμβευσε
980 1491 1174 1571 θρίαμβον).
1218 1488 1258 1549 De
1281 1486 1365 1550 tertia
1388 1487 1530 1560 ovatione,
1553 1504 1640 1566 quam

290 1594 365 1655 male
388 1592 415 1654 ei
437 1592 541 1656 tribuit
562 1593 624 1668 Die,
647 1595 711 1655 vide
733 1595 808 1656 intra
830 1594 865 1656 ad
891 1596 919 1667 1,
942 1593 999 1668 23;
1021 1594 1123 1655 falsam
1145 1611 1209 1655 eam
1232 1609 1297 1653 csse
1319 1609 1387 1652 cum
1410 1589 1464 1652 alia
1482 1589 1642 1652 ostendunt

290 1708 354 1759 tum
381 1696 460 1776 qued
487 1705 622 1777 superest
649 1715 684 1757 ex
712 1695 818 1758 indicis
845 1696 954 1758 Graeca
983 1695 1232 1777 interpretatione.
1276 1694 1308 1756 ln
1337 1713 1370 1756 ea
1397 1701 1547 1774 praeterea
1574 1701 1641 1754 nota

289 1799 420 1863 curulem
444 1799 628 1881 triumphum
651 1800 725 1862 verti
745 1794 800 1882 ἐφ’
823 1793 968 1883 ἅρματος
991 1802 1039 1876 (cl.
1055 1800 1175 1862 Sueten.
1191 1798 1254 1859 Tib.
1271 1798 1304 1860 9:
1332 1808 1358 1859 ct
1387 1815 1475 1859 sueres
1501 1809 1528 1860 ct
1555 1814 1642 1859 cum

290 1903 390 1965 urbem
411 1907 554 1982 depresses
575 1906 637 1978 est).

388 2006 512 2086 Augusti
534 2024 602 2068 cum
623 2005 649 2067 is
678 2004 729 2085 qui
757 2005 931 2085 conscripsit
960 2005 1072 2068 tabulas
1094 2004 1316 2067 Barbcrinianas
1339 2003 1383 2083 (C.
1399 2003 1421 2064 l.
1438 2002 1500 2063 L.l
1522 2023 1551 2084 p.
1567 2002 1642 2082 478)

291 2125 351 2169 οοιι
385 2117 529 2170 memoret
561 2108 617 2169 nisi
646 2108 721 2169 duos
750 2107 916 2188 triumphos
942 2107 1136 2170 Delmaticum
1166 2109 1193 2168 d.
1215 2107 1288 2187 Aug.
1312 2107 1350 2168 13
1378 2115 1409 2168 et
1434 2105 1641 2187 Aegyptiacum

290 2212 318 2273 d.
334 2212 406 2291 Aug.
429 2213 478 2283 15,
508 2211 663 2273 llenzenus
692 2211 797 2276 statuit
823 2210 954 2290 Augusto
981 2211 1137 2292 placuisse,
1172 2220 1205 2273 ut
1233 2212 1311 2291 apud
1338 2209 1455 2272 Actium
1489 2229 1551 2272 non
1584 2219 1642 2272 tam

289 2315 446 2378 Antoniani
475 2314 542 2377 victi
571 2333 636 2376 esse
663 2315 833 2377 viderentur
859 2333 947 2394 quam
976 2314 1126 2396 Cleopatra
1154 2313 1256 2394 regim
1276 2313 1407 2394 Aegypti,
1434 2323 1464 2375 et
1489 2321 1643 2395 propterea

289 2418 473 2500 triumphum
495 2418 646 2480 Actiacum
669 2418 708 2480 ita
731 2417 918 2480 coniunxisse
941 2437 1009 2480 cum
1031 2418 1214 2499 Aegyptiace,
1242 2424 1276 2478 ut
1297 2436 1352 2497 pro
1372 2436 1433 2479 uno
1455 2416 1642 2479 haberentur.

291 2523 372 2596 Quae
393 2522 596 2603 interpretatio
617 2522 685 2584 licet
706 2542 758 2603 per
780 2541 812 2583 se
834 2520 993 2602 probabilis
1016 2520 1055 2582 sit
1076 2520 1207 2600 mihique
1229 2520 1299 2583 elim
1322 2520 1444 2601 probata
1467 2529 1497 2582 et
1518 2539 1554 2582 ee
1569 2539 1643 2600 quo-

288 2646 344 2706 que
372 2627 538 2700 adiuvetur,
568 2626 646 2705 qued
674 2635 742 2706 post
766 2624 914 2688 Actiacam
942 2623 1093 2686 victoriam
1121 2641 1215 2703 neque
1239 2630 1337 2683 tamen
1360 2631 1444 2703 capta
1465 2622 1643 2684 Alexandrea

290 2731 395 2792 Caesar
417 2729 577 2811 imperator
599 2728 736 2810 appellari
758 2729 850 2790 voluit
874 2734 913 2804 (v.
929 2728 963 2789 ad
989 2728 1016 2801 1,
1033 2726 1096 2808 22),
1119 2745 1151 2788 re
1173 2726 1269 2787 denuo
1291 2725 1474 2790 considerata
1496 2743 1557 2788 non
1574 2725 1643 2788 satis

287 2833 366 2896 lacit.
409 2833 483 2894 Nam
511 2833 640 2915 primum
667 2841 787 2894 senatus
808 2830 971 2893 decrevisse
993 2831 1119 2892 traditur
1140 2838 1208 2911 post
1230 2829 1413 2911 triumphum
1436 2831 1475 2892 ob
1496 2831 1642 2893 Actiacam

289 2934 439 2998 victoriam
456 2937 606 2996 decretum
623 2945 755 3016 tempore
769 2933 923 2997 interiecto
938 2935 1062 2996 alterum
1080 2934 1115 2996 de
1130 2933 1277 3015 Aegyptiis
1290 2932 1356 3014 (Dio
1372 2934 1422 3008 51,
1443 2932 1504 3012 19).
1535 2933 1645 2995 Deinde

201 3052 208 3066 ’
289 3039 319 3099 in
346 3037 453 3100 tabulis
475 3037 691 3100 Darberinianis
713 3047 776 3100 erat
797 3037 985 3100 scribendum
1012 3043 1080 3119 imp.
1104 3038 1212 3102 Caesar
1237 3054 1275 3098 ecc
1296 3037 1437 3116 nppypo
1459 3057 1519 3097 rar.
1535 3056 1603 3096 arra
1619 3035 1644 3096 lc.

288 3141 373 3222 Sept,
401 3160 462 3202 non
491 3161 563 3205 raa.
588 3141 615 3202 lc.
636 3140 723 3221 Sept,
756 3144 930 3220 pompavit.
985 3140 1079 3202 Etiam
1114 3142 1204 3221 magis
1240 3141 1359 3202 obstant
1390 3138 1459 3201 lasti
1493 3137 1645 3210 Antiatini,

289 3263 357 3322 cum
385 3244 421 3306 ad
441 3263 491 3306 arx
511 3244 540 3304 u.
558 3244 638 3324 Sept.
666 3243 850 3306 adscribunt:
878 3246 996 3324 August.
1020 3249 1146 3326 triump,
1175 3263 1242 3306 nam
1271 3241 1415 3324 triumphi
1442 3260 1496 3323 per
1519 3241 1643 3303 biduum

288 3345 346 3407 acti
374 3346 549 3427 praecipuus
577 3346 639 3407 dies
666 3365 726 3408 non
748 3347 829 3428 prior
850 3357 911 3422 est,
942 3349 992 3410 sed
1015 3348 1169 3428 posterior.
1214 3347 1342 3410 Obstant
1363 3344 1489 3425 denique
1510 3353 1645 3406 auctores
1738 3387 1739 3430 p

288 3468 391 3511 omnes
422 3448 547 3530 Augusti
577 3451 743 3531 triumphos
775 3461 965 3513 numerantes
996 3469 1056 3512 nen
1090 3451 1178 3526 duos,
1213 3451 1264 3513 scd
1297 3459 1371 3523 tres,
1409 3447 1520 3516 scilicet
1546 3448 1644 3528 ipsum

289 3561 409 3616 senatus
436 3553 605 3615 consultum
633 3573 659 3614 a.
681 3554 742 3616 746
765 3555 854 3635 (apud
882 3553 1009 3616 Maerob.
1032 3563 1085 3616 sat.
1108 3558 1139 3630 1,
1171 3555 1224 3628 12,
1256 3552 1325 3630 35);
1360 3571 1424 3614 cum
1445 3556 1513 3632 imp.
1540 3549 1646 3613 Cacsar
1738 3571 1739 3612 3

289 3657 433 3737 Angustus
460 3675 554 3718 mense
581 3656 685 3719 Sextili
709 3657 866 3737 troicmpbes
895 3667 952 3719 tres
979 3661 1012 3718 io
1037 3657 1137 3719 urbem
1158 3657 1302 3731 intulerim
1329 3663 1480 3736 praeterea
1501 3651 1645 3734 Vergilius
1738 3645 1739 3702 ἶ

290 3761 362 3822 Aen.
379 3759 408 3834 8,
425 3761 504 3821 714:
530 3759 636 3821 Cocscr
657 3759 762 3840 triplici
782 3763 908 3822 inuectus
930 3759 1062 3822 Romane
1084 3760 1226 3841 triumpho
1241 3763 1369 3833 moestic3
1391 3756 1491 3819 Livius
1506 3776 1551 3839 ep.
1571 3755 1645 3818 133:

288 3874 347 3925 tres
368 3863 527 3944 triumphos
548 3867 614 3943 cpit,
641 3883 734 3925 enum
755 3881 792 3925 es
813 3861 945 3942 Illyrico,
975 3865 1098 3925 altorem
1119 3881 1157 3924 aa
1178 3863 1292 3925 Actiaco
1314 3863 1447 3934 victorie,
1476 3862 1592 3922 tertium
1614 3859 1647 3919 dc
1738 3933 1739 3950 .

292 3964 457 4046 Clcepctre3
485 3965 645 4028 Suetonius
671 3967 690 4027 l.
712 3985 751 4029 c.:
791 3967 906 4028 curules
935 3967 1090 4060 triumplros
1120 3971 1173 4028 tris
1204 3969 1260 4046 cpit
1285 3963 1474 4026 Delmaticum
1503 3963 1647 4025 Actionem

287 4069 533 4143 Alexandrinum,
561 4073 693 4132 contabesco
722 4071 819 4133 mano
841 4089 951 4144 omnes,
975 4069 1027 4130 Die
1050 4071 1100 4142 51,
1123 4069 1179 4144 21;
1202 4067 1325 4131 Orosius
1347 4068 1376 4142 6,
1397 4067 1448 4140 20,
1471 4067 1503 4140 1;
1527 4064 1646 4128 Servius
1738 4061 1739 4104 l

288 4173 325 4234 ad
347 4171 505 4251 Vergilium
529 4173 548 4233 l.
570 4192 610 4244 c.;
632 4173 754 4235 Albinus
777 4182 862 4255 poeta
884 4173 986 4236 aetatis
1009 4173 1137 4234 incertae
1158 4173 1235 4254 apud
1251 4170 1434 4233 Priscianum
1451 4171 1479 4245 7,
1496 4168 1547 4231 22.
1584 4169 1645 4230 lam
1738 4159 1739 4234 ]

289 4274 317 4336 id
340 4275 439 4356 ipsum
461 4276 615 4337 confirmat
637 4276 699 4356 ipse
721 4276 885 4356 Augustus,
915 4287 1071 4358 postquam
1094 4274 1226 4336 vocabuli
1248 4269 1316 4356 τρίς
1339 4276 1445 4337 ductus
1467 4273 1536 4334 licet
1556 4269 1645 4333 oblit-

289 4377 374 4440 terati
402 4379 463 4439 iere
490 4376 521 4438 in
550 4397 697 4440 marmore
723 4390 929 4461 apparuerunt.
973 4379 1074 4459 ltaque
1101 4377 1216 4440 tabulae
1245 4377 1469 4440 Barberinianae
1491 4377 1645 4457 neglegen-
1738 4397 1739 4440 t

293 4479 426 4543 tissimus
449 4479 575 4562 scriptor
597 4482 738 4545 hocloco
763 4503 799 4545 ex
822 4484 917 4547 tribus
939 4482 1085 4565 capitibus
1107 4481 1256 4545 continuis
1277 4481 1489 4563 incipientibus
1511 4501 1528 4544 a
1550 4479 1645 4543 uerbis
1738 4495 1739 4500 ¹

288 4588 355 4666 imp.
372 4583 479 4647 Cacsar
500 4584 631 4648 medium
654 4586 761 4649 emisit.
