3525 5417
281 392 345 455 166
763 385 795 441 Ρ.
809 383 968 442 SVLPIOH
986 383 1148 452 QVIBINII

278 568 453 649 requiritur,
481 574 515 628 ut
536 575 603 628 ante
627 566 726 648 Syriae
748 565 1031 629 administrationem
1055 571 1147 629 fasces
1169 567 1323 630 duodecim
1346 569 1476 648 gesserit,
1499 570 1530 631 id
1553 572 1628 650 quod

279 691 348 734 eum
364 690 424 733 non
445 670 549 732 iecisse
568 669 725 732 verisimile
746 678 798 743 est,
821 688 889 731 cum
906 669 940 730 ad
957 688 1026 731 eum
1046 689 1140 750 usque
1162 689 1273 733 annum
1296 673 1363 734 lasti
1381 676 1442 734 tere
1465 673 1543 754 pleni
1565 676 1628 736 sint.

381 774 409 836 3.
432 773 470 834 11.
487 773 609 835 Titius
632 773 711 834 inter
732 775 821 835 duces
844 773 1013 834 nominatus
1035 773 1071 834 ab
1093 793 1118 834 5.
1135 773 1201 835 inde
1218 777 1278 836 714
1294 775 1360 855 (Bio
1376 775 1426 849 48,
1443 776 1507 856 30),
1530 779 1630 840 consul

282 897 308 940 a.
341 876 414 950 723,
449 876 562 955 legatus
596 876 695 956 Syriae
728 877 805 938 cirea
836 884 964 957 tempus,
997 896 1055 956 quo
1089 877 1218 940 Herodes
1252 881 1371 941 tertium
1405 883 1554 960 profectus
1588 889 1629 942 est

280 981 404 1043 Romam
438 979 516 1042 iuter
548 998 573 1040 a.
598 979 674 1052 742,
708 998 767 1059 quo
800 980 963 1041 secundum
1003 999 1037 1041 55
1070 979 1137 1054 irit,
1177 991 1207 1043 51
1238 1001 1264 1043 a.
1288 983 1364 1057 750,
1402 1001 1460 1062 quo
1500 983 1629 1056 decessit,

281 1085 383 1156 isest,
417 1082 465 1144 cui
486 1082 626 1145 Phraates
647 1082 756 1144 liberos
789 1083 908 1145 tradidit
929 1083 1052 1145 Romam
1087 1083 1122 1144 ad
1144 1085 1310 1164 Augustum
1343 1085 1504 1147 mittendos
1537 1087 1630 1168 paullo

283 1195 398 1269 posta.
421 1205 450 1248 u.
473 1205 498 1247 e.
522 1186 583 1247 745
607 1185 733 1268 (loseph.
757 1186 806 1261 16,
829 1187 858 1262 8,
881 1188 917 1262 6;
952 1187 1047 1249 81155.
1079 1187 1127 1261 16,
1153 1190 1180 1257 1,
1203 1188 1243 1250 28
1265 1207 1294 1270 p.
1312 1188 1396 1268 748).
1443 1187 1508 1251 0111
1536 1190 1572 1252 de
1600 1211 1630 1253 eo

245 1354 250 1367 ,
280 1310 370 1372 supra
391 1308 420 1370 p.
439 1290 509 1349 141.
1230 1269 1236 1280 ⁸

380 1394 418 1482 4.Ι
433 1392 464 1453 C.
488 1392 645 1454 Sentius
668 1391 890 1456 Saturninus
913 1395 1016 1456 consul
1037 1415 1062 1457 5.
1075 1415 1104 1457 u.
1117 1415 1142 1457 5.
1155 1395 1225 1468 735,
1248 1395 1361 1474 legatus
1377 1394 1475 1476 Syriae
1491 1415 1517 1457 5.
1533 1415 1560 1458 5.
1574 1396 1630 1458 746

286 1496 413 1576 (155555.
437 1495 654 1569 511.16,9,1.
691 1497 782 1570 510,
804 1495 832 1558 8.
870 1498 1023 1571 5.11,3.
1062 1499 1216 1573 17,1,1.
1254 1517 1278 1558 5.
1301 1499 1375 1572 2,1.
1412 1517 1438 1560 5.
1454 1498 1483 1571 3,
1501 1498 1536 1574 2;
1569 1499 1630 1561 bell.

283 1601 346 1663 lud.
370 1603 397 1674 1,
421 1599 472 1674 27,
497 1598 587 1660 1-3.
625 1599 822 1662 Tertullianus
843 1601 905 1662 adr.
923 1601 1098 1664 Marcionem
1122 1604 1151 1677 4,
1177 1602 1237 1682 19).

382 1704 411 1764 5.
434 1703 467 1764 Ρ.
483 1701 711 1776 Quinctilius
734 1702 848 1765 Varus
870 1723 930 1766 cos.
946 1725 971 1766 a.
990 1726 1018 1767 u.
1034 1725 1059 1767 c.
1076 1706 1147 1778 741,
1170 1704 1281 1784 legatus
1301 1703 1399 1785 Syriae
1421 1723 1447 1765 a.
1463 1703 1629 1768 748-750
1733 1731 1734 1734 “

282 1806 407 1868 15511555
438 1825 506 1868 cum
547 1805 678 1868 nummis
710 1806 959 1869 Antiochenorum
1000 1817 1086 1870 notas
1123 1807 1300 1870 habentibus
1340 1808 1466 1889 epochae
1503 1808 1631 1870 Actiacae

282 1929 444 1974 sut-sumu
467 1910 589 1990 (Fnhhel
611 1909 640 1982 3,
664 1909 744 1984 275;
766 1911 907 1992 Borghesi
930 1914 1041 1994 5551,
1066 1911 1143 1987 310;
1166 1910 1362 1991 Waddiugton
1383 1912 1496 1973 midde
1517 1913 1631 1974 num.2
1733 1921 1734 2010 ,

282 2035 311 2096 p.
330 2015 403 2095 153)
419 2023 483 2076 tum
505 2014 630 2094 losepho
645 2012 717 2093 (ant.
735 2016 783 2088 17,
800 2016 828 2088 5,
845 2014 864 2075 2
880 2035 939 2095 sq.;
962 2015 1027 2077 bell.
1043 2015 1107 2076 lud.
1125 2017 1152 2088 1,
1168 2015 1218 2087 21,
1236 2015 1254 2076 5
1271 2018 1337 2094 515).
1381 2013 1525 2076 blaturius
1548 2015 1630 2078 solito

282 2118 317 2180 ad
339 2117 514 2198 legationem
538 2117 637 2197 Syriae
659 2118 800 2196 pervenit,
827 2118 973 2197 gratiosus
1002 2128 1122 2200 propter
1143 2118 1315 2180 affinitatem
1338 2135 1413 2198 quae
1434 2116 1461 2178 51
1483 2125 1547 2179 5151
1568 2137 1630 2180 cum
1733 2157 1734 2184 1

283 2222 370 2283 domo
391 2219 579 2301 imperatoria
601 2220 682 2300 (Tac.
698 2239 766 2282 ann.
783 2221 811 2295 4,
829 2221 878 2283 52.
896 2222 946 2285 66.
984 2220 1122 2300 Borghesi
1146 2241 1211 2302 555.
1238 2222 1265 2296 1,
1288 2220 1360 2281 311.
1383 2221 1468 2294 417).

382 2324 411 2386 6.
434 2324 467 2385 L.
479 2322 652 2385 Volusius
674 2324 900 2386 Saturninus
923 2343 982 2387 cos.
994 2343 1020 2386 a.
1032 2344 1062 2386 u.
1075 2345 1099 2386 c.
1113 2323 1184 2398 742,
1206 2323 1319 2403 legatus
1336 2323 1435 2404 Syriae
1450 2341 1475 2384 a.
1489 2322 1561 2383 757.
1574 2321 1631 2384 758
1733 2353 1734 2390 5

282 2427 404 2508 metue
426 2426 455 2502 a,
479 2425 563 2504 ars).

382 2531 411 2590 7.
448 2528 481 2589 P.
504 2528 693 2610 Sulpicius
726 2529 931 2603 Quirinius
954 2549 1012 2593 cos.
1029 2549 1054 2592 5.
1070 2550 1100 2592 5.
1116 2549 1141 2591 c.
1158 2529 1237 2604 742,
1268 2529 1379 2608 legatus
1404 2527 1504 2609 Syriae
1527 2529 1629 2591 5750
1733 2539 1734 2606 ξ

282 2633 410 2713 (155555.
434 2633 482 2705 17,
508 2633 556 2706 13,
579 2633 607 2693 5.
647 2631 696 2705 18,
721 2634 748 2704 1,
774 2635 800 2694 1.
838 2615 917 2708 c.2,¹
941 2634 982 2712 1).
1025 2633 1144 2696 Accedit
1171 2632 1274 2694 titulus
1296 2632 1423 2694 Venetus
1455 2632 1502 2694 rel
1535 2633 1631 2714 potius

283 2736 449 2817 Berytensis
482 2754 578 2816 nuper
611 2735 772 2798 vindicatus
795 2734 881 2816 (Eph.
915 2735 1005 2816 epigr.
1029 2737 1049 2796 4
1070 2755 1098 2816 p.
1123 2734 1212 2815 538):
1245 2735 1279 2808 Q.
1303 2735 1436 2799 Aemines
1466 2736 1500 2809 Q.
1523 2737 1547 2816 1.
1570 2736 1629 2797 Pol.

282 2839 428 2902 Secundae
452 2839 500 2916 [in]
524 2843 623 2901 rostris
650 2839 711 2900 dior·
734 2838 877 2918 15515515)
907 2840 977 2918 dub]
1005 2838 1036 2900 P.
1060 2839 1184 2918 Sulpicio
1215 2837 1349 2912 Quirinio
1372 2839 1434 2918 015.
1450 2837 1531 2919 Aug]
1562 2837 1629 2901 Coe·
1733 2875 1734 2916 3

211 3029 215 3036 Ι
282 2948 357 3006 soris
371 2942 475 3020 Syriae
496 2942 649 3004 5555115115
663 2943 818 3013 decernes,
837 2944 1026 3023 praefandus)
1051 2942 1195 3023 cedendis)
1211 2941 1375 3022 1115155155)
1398 2940 1423 3014 1,
1441 2943 1630 3023 praesentius)
1733 2963 1734 3014 1

284 3045 429 3125 cohortos)
451 3044 484 3106 11
496 3044 636 3107 classicae.
673 3045 754 3108 idern
766 3051 846 3108 1115511
862 3045 980 3118 Qnria'ni
997 3065 1111 3108 censum
1130 3048 1174 3126 551
1193 3045 1351 3126 Apamense
1372 3048 1492 3107 civitatis
1512 3045 1631 3107 millium
1733 3067 1734 3124 p

282 3149 452 3229 innodent)
494 3153 712 3211 5155151115.
749 3149 827 3212 idem
859 3153 950 3211 missu
983 3147 1101 3222 Quirini
1131 3149 1266 3210 adversus
1298 3145 1428 3210 ltnroeos
1460 3151 1491 3210 in
1525 3148 1628 3210 111555

282 3264 376 3316 monte
399 3253 547 3316 rostellum
573 3271 671 3315 eonem
700 3257 767 3334 cepi.
822 3254 902 3327 Quae
936 3253 970 3314 de
1004 3252 1108 3314 officiis
1135 3252 1182 3312 his
1203 3250 1326 3331 exposui
1347 3250 1366 3311 l.
1383 3269 1408 3312 c.
1423 3269 1453 3331 p.
1476 3251 1549 3325 540,
1571 3270 1628 3312 551

282 3365 393 3437 repeto,
416 3374 484 3418 oum
506 3355 543 3418 ad
564 3364 697 3416 nostram
720 3374 783 3417 rem
806 3357 873 3418 inde
895 3355 970 3417 nihil
991 3356 1142 3418 efficiatur.

384 3458 412 3521 8.
446 3459 481 3531 Q.
511 3457 706 3520 Caecilius
738 3460 913 3521 Metellus
941 3458 1106 3520 Creticus
1133 3457 1282 3521 Silanus
1310 3457 1500 3530 5555760,
1523 3457 1631 3537 legatus
1733 3455 1734 3460 ’

285 3563 385 3644 Syriae
407 3562 443 3623 ab
465 3581 491 3624 5.
522 3571 601 3623 55115
631 3561 728 3646 76354
755 3563 790 3624 ad
819 3583 845 3624 a.
875 3563 936 3624 770
960 3562 1080 3637 (Eckhel
1106 3561 1134 3630 3,
1164 3561 1225 3622 276
1248 3559 1351 3622 collato
1374 3577 1500 3620 nummo
1522 3580 1539 3622 a
1561 3560 1633 3622 San-

283 3665 438 3728 clementio
460 3685 489 3746 p.
512 3664 574 3727 348
597 3665 683 3727 allato
710 3666 780 3728 anni
806 3685 859 3734 ruz
886 3665 1004 3728 Tacitus
1032 3684 1100 3727 ann.
1124 3664 1153 3739 2,
1181 3665 1209 3724 4.
1230 3662 1289 3738 43;
1318 3662 1432 3744 155555.
1463 3661 1512 3736 18,
1533 3663 1562 3736 2,
1590 3665 1630 3738 4).
1733 3669 1734 3684 ’

283 3768 378 3831 Etiam
402 3767 518 3829 Silanus
550 3768 636 3830 solito
666 3767 789 3830 celerius
822 3769 995 3849 legationem
1020 3767 1118 3849 Syriae
1152 3767 1273 3848 adeptus
1307 3775 1361 3839 551,
1394 3773 1429 3827 ut
1450 3768 1633 3829 consulatum

284 3890 400 3954 quoque
420 3870 451 3932 in
473 3870 621 3950 integrum
643 3890 753 3934 annum
777 3871 889 3947 tenuit,
920 3871 1029 3933 scilicet
1062 3889 1115 3953 per
1145 3871 1199 3931 hos
1226 3888 1319 3931 annos
1346 3868 1507 3930 admodum
1536 3869 1635 3932 floruit

283 3985 385 4057 utpote
408 3995 491 4038 socer
512 3979 629 4038 iuturus
656 3976 779 4039 Neronis
807 3976 971 4039 Germanioi
998 3980 1017 4038 i.
1040 3975 1204 4057 aliquando,
1233 3984 1267 4038 ut
1293 3983 1357 4038 tum
1384 3974 1552 4048 credebant,
1574 3975 1634 4036 im-

283 4081 422 4164 peraturi.
465 4080 599 4143 Diximus
620 4081 656 4143 de
678 4101 712 4143 eo
735 4079 910 4160 Borghesius
932 4099 998 4142 ann.
1017 4080 1258 4160 1840551515.
1281 4105 1324 4132 =
1344 4097 1411 4160 555.
1435 4077 1498 4159 55.
1524 4076 1583 4138 211
1607 4086 1637 4138 51

284 4204 337 4265 ego
358 4185 431 4264 Bph.
455 4185 544 4265 epigr.
568 4184 698 4264 3p.14.
743 4183 801 4246 Cur
822 4203 876 4264 per
898 4192 942 4246 tot
963 4203 1054 4246 annos
1077 4182 1256 4264 provinciam
1287 4181 1449 4255 retinuerit,
1474 4180 1635 4243 Suetonius

284 4287 421 4368 51511551,
455 4307 524 4349 cum
551 4287 651 4349 scribit
673 4287 757 4366 (Aug.
780 4285 833 4362 23)
862 4296 983 4368 5155151
1010 4287 1119 4348 cladem
1148 4285 1301 4348 Varianam
1330 4287 1496 4366 Augustum
1526 4285 1637 4367 praesi-

285 4389 370 4452 dibus
390 4390 606 4472 prorineiarum
628 4389 783 4470 imperium
804 4408 984 4470 prorogasse,
1007 4399 1041 4452 ut
1062 4410 1077 4452 a
1100 4389 1202 4470 peritis
1216 4397 1246 4450 et
1260 4389 1389 4452 adsuetis
1404 4388 1636 4450 continerentur.

385 4494 417 4557 Si
438 4495 557 4576 quidem
579 4502 657 4555 recte
679 4493 837 4555 statuimus
859 4495 968 4573 legatos
982 4494 1106 4574 Augusti
1128 4492 1293 4574 5151155155
1310 4493 1410 4574 Syriae
1431 4491 1531 4555 nullos
1546 4492 1637 4554 luisse

284 4617 338 4680 per
359 4617 410 4660 eos
434 4618 537 4672 annos,
569 4596 676 4676 quibus
708 4604 760 4657 aut
780 4596 930 4676 Augustus
962 4596 1025 4678 ipse
1057 4597 1088 4658 in
1112 4595 1195 4676 Syria
1229 4596 1397 4658 morabatur
1427 4605 1481 4658 aut
1514 4595 1569 4656 sub
1601 4613 1635 4654 55

284 4701 408 4783 11155115
430 4699 630 4784 proconsulari
652 4699 776 4781 praediti
798 4717 846 4761 res
862 4699 990 4762 Orientis
1006 4699 1155 4773 curabant,
1178 4699 1209 4760 in
1223 4699 1363 4762 laterculo
1378 4718 1467 4781 supra
1482 4697 1633 4780 proposito

285 4805 432 4886 probabile
454 4815 500 4866 est
520 4805 648 4886 legatum
668 4802 793 4884 Augusti
816 4821 909 4865 unum
926 4803 1022 4866 solum
1038 4803 1160 4865 delicere
1175 4801 1252 4865 inter
1267 4803 1375 4866 Varum
1391 4811 1421 4865 51
1435 4801 1467 4864 C.
1483 4803 1632 4866 1155551515
