3525 5417
246 228 265 291 g
849 219 873 283 1,
895 219 998 274 re-1s

246 406 330 467 r.17
353 404 497 484 stipenldt’s
518 403 651 480 ementitis
674 399 778 481 scripsi
799 399 904 460 collato
926 399 991 460 loco
1014 397 1042 472 3,
1066 397 1107 459 30
1129 417 1183 479 pro
1205 398 1410 479 supplemento
1430 399 1506 460 male
1527 401 1607 458 lacto

246 509 379 590 priorum
408 506 563 586 stipenldir's
588 505 706 583 sateltis.
737 537 777 545 -
805 502 1091 584 11811111111111
1116 503 1205 582 plura
1227 502 1326 582 potius
1353 503 1411 564 luit
1436 520 1524 583 quam
1549 501 1607 562 111-

246 623 352 695 querttc
382 612 448 692 ples
481 619 602 690 propter
632 608 730 670 hiatus
762 605 922 678 ambitum,
956 608 993 665 cl.
1014 605 1048 674 3,
1069 604 1124 665 21:
1157 605 1250 668 1111111
1277 607 1367 686 paule
1399 607 1490 686 plura
1521 623 1609 686 qtmnr

249 718 378 779 ducenta.
407 750 448 759 -
474 715 507 774 ln
531 713 566 774 iis
589 730 663 793 quae
691 718 857 790 sequuntur
880 709 988 770 Graeca
1017 726 1077 769 non
1110 708 1211 771 iurant
1244 718 1304 772 tota
1331 712 1391 770 lere
1417 708 1608 790 pessumdata

250 818 474 898 sprevimusque
496 821 665 876 commenta
687 815 722 876 de
745 814 791 874 bis
807 811 923 892 Bergkii
944 813 1131 873 abhorrentia
1147 813 1233 874 etiam
1258 833 1273 873 a
1297 832 1363 874 vera
1385 813 1511 874 lectione
1532 831 1610 892 pau-

250 940 351 983 carum
379 938 503 1000 quarum
532 919 654 980 umbrae
683 926 846 979 cemuutur
873 915 1048 978 litterarum.
1098 915 1178 977 ldem
1202 915 1374 978 Latinorum
1403 917 1610 998 supplementa

249 1022 466 1085 commendavit
492 1023 564 1084 haec
585 1041 669 1102 apres
695 1021 862 1100 uldsr'pnaor]
889 1031 940 1081 111
965 1023 1118 1099 pecuniam
1142 1039 1197 1099 pro
1223 1021 1359 1100 plectente
1384 1020 1512 1099 militlr'ue
1535 1021 1609 1092 dedi,

249 1145 310 1188 nou
333 1134 421 1187 recte.
466 1125 538 1187 Nam
562 1124 692 1204 primum
715 1123 863 1204 inlepide
886 1143 912 1187 r.
932 1124 970 1184 19
993 1132 1061 1204 post
1082 1123 1194 1185 hiatum
1222 1143 1289 1185 cum
1317 1133 1455 1186 cernatur
1478 1126 1523 1185 sic
1547 1125 1611 1185 iere

251 1264 257 1290 ι
270 1237 373 1302 snas,
400 1229 429 1289 id
453 1238 499 1290 est
518 1227 634 1288 litterae
657 1248 665 1286 r
689 1226 845 1306 vestigium
871 1235 902 1288 et
928 1226 1054 1306 spatium
1077 1235 1236 1306 angustum
1262 1247 1395 1300 vacuum,
1419 1245 1473 1308 pro
1500 1227 1610 1306 quibus

252 1344 350 1395 tamen
377 1332 465 1393 etiam
498 1353 517 1390 Α
549 1329 664 1391 videtur
690 1349 777 1409 posse
805 1329 913 1401 fuisse,
944 1329 1095 1391 deludent
1124 1329 1223 1409 potius
1252 1349 1338 1410 quam
1364 1351 1414 1402 in,
1442 1330 1570 1410 denique
1595 1349 1611 1388 1

250 1449 344 1509 certa,
374 1437 465 1515 magis
488 1435 523 1496 ad
547 1455 623 1494 ans
652 1452 740 1513 quam
770 1433 805 1493 ad
833 1452 932 1493 trine
961 1451 1025 1494 sese
1053 1434 1284 1495 accommodant.
1340 1433 1450 1495 Deinde
1479 1434 1609 1513 spatium

250 1540 329 1621 quod
364 1548 446 1600 vacat
478 1541 555 1600 inter
585 1557 674 1599 eaor
708 1545 738 1598 et
768 1556 838 1596 nus
871 1555 978 1598 uorem
1011 1537 1055 1596 vel
1088 1536 1124 1597 ad
1158 1555 1310 1597 summum
1344 1536 1445 1599 decem
1478 1536 1611 1598 elemen-

252 1654 349 1705 torum
383 1642 621 1722 supplementum
652 1639 730 1720 quod
758 1650 804 1700 est
832 1659 986 1701 enarrans
1015 1660 1114 1700 urnrr
1143 1659 1203 1702 non
1233 1641 1319 1721 capit.
1366 1639 1459 1702 Porro
1492 1639 1612 1702 inanius

251 1747 484 1809 additamentum
518 1763 606 1824 quam
639 1741 793 1824 pecuniam
826 1742 866 1804 ita
900 1752 967 1823 post
1000 1743 1143 1823 stipendia
1175 1744 1295 1806 emerita
1329 1754 1514 1806 numeratam
1548 1742 1612 1804 dari

252 1869 305 1931 pro
333 1851 472 1930 praemiis
495 1848 615 1910 militiae
642 1847 691 1907 rix
719 1845 823 1926 opinor
850 1847 958 1926 poterit
986 1845 1150 1926 excogitari.
1200 1847 1332 1927 Denique
1361 1847 1439 1927 quod
1469 1846 1612 1926 Bergkius

252 1952 356 2014 scribit
391 1953 557 2030 Augustum
597 1969 656 2012 non
698 1949 817 2030 privatis
858 1949 965 2029 opibus
1004 1967 1089 2028 agros
1127 1949 1234 2012 emisse
1272 1962 1322 2013 aut
1364 1950 1519 2031 pecuniam
1559 1968 1613 2010 sua

252 2057 385 2136 impensa
412 2053 556 2115 militibus
583 2053 635 2134 qui
661 2052 806 2134 stipendia
828 2053 1025 2114 emeruissent
1047 2047 1234 2132 persolvisse,
1263 2054 1320 2116 hoc
1349 2039 1442 2115 enim'
1456 2072 1521 2114 esse
1543 2071 1562 2114 1
1584 2071 1613 2114 se

253 2161 336 2231 dare,
367 2158 448 2219 velut
469 2156 546 2238 apud
569 2155 743 2219 Suetonium
771 2155 844 2235 Aug.
868 2157 908 2217 40
936 2155 1063 2234 legatur:
1091 2157 1243 2220 tribulibus
1271 2159 1398 2220 11111111
1426 2161 1613 2221 somniorum.

252 2282 288 2324 ne
321 2261 389 2342 quid
422 2280 441 2323 1
473 2279 616 2341 quoquam
648 2261 801 2321 candidate
840 2259 1046 2332 mutuarent,
1084 2261 1197 2340 stapulo
1234 2262 1314 2322 111111
1349 2280 1501 2324 nummum
1533 2281 1553 2322 1
1585 2279 1614 2321 se

255 2366 413 2435 dividebat,
447 2363 621 2425 seutentiam
650 2363 849 2444 supplementi
876 2361 934 2422 mei
961 2371 1039 2422 recte
1068 2363 1224 2424 adsecutus
1252 2373 1298 2424 est
1325 2363 1399 2444 (ipse
1427 2364 1613 2425 laudaveram

254 2470 353 2530 locum
388 2467 556 2528 Trinummi
589 2465 745 2528 Plautinae'
776 2466 836 2527 182
869 2485 889 2528 1
921 2485 966 2527 nte
998 2476 1147 2546 arpentum
1180 2465 1257 2538 dedi,
1295 2467 1521 2550 composuitque
1560 2467 1615 2528 alia

254 2572 405 2653 complura
429 2571 562 2650 exempla
584 2569 765 2632 locutionum
789 2572 858 2632 dure
881 2570 916 2631 11
938 2567 998 2637 illo,
1021 2569 1130 2631 soluere
1152 2569 1188 2631 11
1210 2571 1268 2643 1111,
1292 2571 1443 2651 tepeseat
1466 2570 1615 2633 11111111-

255 2675 322 2737 dius
344 2675 376 2735 iu
397 2673 563 2736 Tursellino
590 2676 603 2733 l
629 2693 657 2754 p.
675 2673 737 2751 16),
765 2673 822 2734 boc
848 2672 1002 2752 ignoravit,
1029 2672 1108 2751 quod
1136 2673 1186 2752 qui
1214 2673 1244 2734 in
1273 2674 1344 2735 baec
1372 2675 1468 2736 studia
1489 2673 1616 2754 inquirit

255 2778 391 2857 ignorare
414 2795 473 2838 non
497 2775 607 2849 debuit,
629 2775 772 2857 quidquid
795 2795 831 2837 ex
853 2777 924 2837 fisco
951 2775 1090 2856 penditur
1117 2776 1183 2837 licet
1211 2796 1247 2837 ex
1274 2776 1391 2856 publica
1420 2797 1516 2851 eausa,
1547 2797 1615 2839 vere

255 2901 291 2942 11
324 2879 502 2960 patrimonio
533 2878 673 2959 principis
706 2879 861 2960 proficisci.
911 2879 950 2940 Ea
985 2880 1020 2941 de
1052 2897 1083 2939 re
1118 2879 1183 2940 data
1218 2898 1305 2961 opera
1339 2881 1460 2961 exposui
1493 2881 1524 2942 in
1551 2881 1615 2942 iure

255 2983 372 3064 publico
394 2982 528 3043 Romano
557 2982 612 3043 vol.
634 2981 653 3042 2
675 3002 704 3062 p.
727 2983 788 3043 957
801 3001 877 3062 seq,
908 2992 938 3045 et
964 2983 1049 3044 hodie
1076 2982 1107 3042 ui
1136 2983 1219 3043 lallor
1247 3002 1285 3044 ne
1312 2984 1467 3064 philologis
1495 2985 1613 3064 quidem

258 3087 357 3166 ignota
379 3094 438 3158 est,
466 3087 502 3147 iis
532 3084 643 3147 scilicet
664 3085 807 3167 exceptis,
834 3085 886 3165 qui
907 3105 925 3147 a
947 3085 1162 3147 iurisconsultis
1180 3084 1295 3147 ¹discere
1317 3093 1370 3147 aut
1390 3095 1544 3166 nequeunt
1566 3095 1616 3148 aut
1727 3069 1729 3082 ⁴

255 3191 370 3252 nolunt.
406 3189 507 3268 Neque
522 3189 679 3269 quicquam
697 3188 789 3267 magis
805 3207 975 3269 perversum
993 3187 1134 3268 Bergkius
1149 3188 1250 3267 posuit
1265 3208 1353 3268 quam
1370 3209 1445 3269 quae
1460 3209 1488 3270 p.
1502 3189 1543 3252 85
1555 3208 1615 3269 seq.

257 3294 395 3373 leguntur
421 3293 457 3354 de
479 3293 621 3374 impensis
643 3292 680 3353 ab
701 3292 834 3370 Augusto
856 3292 941 3353 lactis
963 3292 1026 3352 aliis
1048 3311 1084 3352 ex
1107 3292 1193 3363 lisco,
1223 3292 1287 3353 aliis
1309 3312 1344 3352 ex
1367 3293 1559 3373 patrimonio,
1587 3303 1616 3354 et

258 3398 344 3458 rerba
359 3397 445 3457 nobis
461 3397 519 3469 dat,
543 3395 593 3457 ubi
608 3396 758 3476 Augustus
779 3397 820 3456 ait
835 3395 864 3468 3,
887 3394 928 3456 34
951 3415 1004 3456 sua
1025 3395 1148 3474 pecunia
1163 3395 1272 3457 iuvisse
1287 3415 1318 3458 se
1334 3397 1488 3469 aerarium,
1511 3399 1615 3459 fiscum

257 3499 414 3579 significari
436 3507 577 3573 statuens,
601 3499 652 3560 ubi
673 3499 750 3559 idem
775 3499 877 3560 scribit
898 3499 943 3559 vel
965 3507 1043 3560 certe
1067 3497 1219 3578 scripsisse
1239 3499 1398 3579 putabatur
1419 3501 1448 3572 3,
1465 3502 1503 3560 41
1529 3521 1560 3562 se
1581 3521 1615 3562 er

259 3604 319 3665 suis
342 3603 447 3683 opibus
470 3606 652 3664 frumentum
676 3604 830 3675 coemisse,
853 3602 1010 3682 signilicari
1032 3601 1242 3683 patrimonium
1267 3612 1296 3664 et
1311 3602 1340 3664 id
1357 3623 1448 3683 genus
1464 3604 1527 3676 alia,
1543 3624 1616 3684 quae

258 3710 367 3768 referre
390 3706 577 3786 supersedeo.
601 3739 642 3750 -
664 3705 719 3766 llic
740 3706 810 3785 quid
833 3707 931 3778 luerit,
954 3706 1041 3767 index
1064 3705 1126 3786 ipse
1141 3707 1306 3768 luculenter
1319 3709 1448 3770 ostendit
1462 3709 1556 3789 capite
1571 3728 1617 3769 11

259 3809 302 3889 (3,
318 3809 467 3882 22-33),
490 3809 541 3870 ubi
564 3809 681 3870 eaedem
704 3808 925 3870 numerationes
947 3811 1071 3872 redeunt
1093 3809 1228 3871 similiter
1243 3811 1412 3891 bipertitae:
1436 3812 1546 3872 scilicet
1560 3813 1619 3892 agit

259 3913 299 3973 ibi
315 3913 467 3990 Augustus
490 3911 619 3992 primum
644 3912 679 3974 de
700 3913 823 3993 pecunia
840 3914 935 3975 soluta
952 3925 1003 3974 sua
1020 3913 1191 3974 liberalitate
1207 3933 1260 3993 pro
1276 3913 1362 3992 agris,
1385 3934 1460 3994 quos
1476 3915 1618 3977 militibus

260 4015 290 4076 in
311 4016 438 4077 colonias
454 4015 586 4077 deductis
608 4016 777 4093 adsignant,
800 4017 851 4096 qui
874 4026 945 4078 suut
967 4016 1054 4078 huius
1075 4017 1133 4078 loci
1155 4018 1215 4096 agri
1238 4016 1275 4078 ab
1297 4017 1361 4097 ipso
1384 4017 1490 4098 empti;
1512 4018 1619 4080 deinde

259 4119 295 4180 de
310 4119 448 4198 praemiis
468 4121 632 4181 numeratis
655 4119 798 4181 militibus
821 4119 850 4180 in
873 4120 1033 4200 municipia
1056 4137 1108 4182 sua
1131 4120 1271 4193 remissis,
1294 4140 1369 4200 quae
1391 4130 1437 4182 est
1458 4121 1547 4184 huius
1562 4123 1618 4184 loci

258 4223 382 4302 pecunie
405 4224 557 4286 aCaesare
579 4223 654 4285 data.
685 4222 768 4284 Unde
790 4223 861 4285 item
885 4223 1064 4302 intellegitur
1079 4222 1166 4285 verba
1182 4225 1290 4286 11111111
1307 4229 1339 4286 ln
1354 4224 1479 4287 colonias
1501 4226 1618 4307 proprie

260 4325 407 4404 pertinere
436 4327 470 4388 ad
499 4345 583 4406 agros
611 4327 708 4401 datos,
735 4346 810 4406 quae
832 4335 1000 4406 sequuntur
1020 4331 1169 4390 1111111111
1190 4331 1346 4408 munt'tt'pt'a
1368 4347 1421 4390 suu
1442 4329 1561 4410 proprie
1583 4330 1618 4392 ad

259 4428 415 4507 pecuniam
443 4431 550 4491 datam.
596 4430 673 4492 Haec
701 4429 791 4509 igitur
816 4449 884 4491 cum
908 4440 1041 4492 accurate
1063 4440 1094 4493 et
1115 4431 1200 4511 plene
1229 4432 1412 4506 conveniant,
1435 4433 1522 4495 simul
1551 4434 1617 4495 inde

259 4531 438 4610 intellegitur
466 4552 503 4594 ne
527 4534 563 4595 ab
585 4534 642 4595 hoc
663 4533 782 4613 quidem
805 4533 899 4613 capite
922 4534 1024 4595 abesse
1045 4553 1131 4614 posse
1154 4535 1183 4596 id
1207 4535 1237 4596 in
1260 4555 1319 4614 quo
1342 4543 1403 4596 tota
1425 4553 1472 4596 res
1488 4537 1617 4598 -vertitur

259 4634 387 4714 praemia
415 4636 486 4698 haec
508 4636 651 4698 militibus
678 4637 886 4718 imperatorem
913 4637 949 4698 de
972 4655 1026 4698 suo
1054 4638 1269 4713 numeravisse,
1297 4639 1395 4718 itaque
1417 4657 1477 4700 uon
1504 4640 1561 4701 boc
1582 4640 1616 4700 de
