3525 5417
745 341 779 410 V,
797 344 905 399 36-38
1438 347 1500 412 123

144 524 361 587 commentario
382 525 514 604 adlegatu
536 523 631 604 posui,
654 523 702 584 hic
716 541 770 604 per
784 522 910 584 indicem
926 521 1048 602 repetivi
1063 521 1181 584 insertis
1197 523 1233 584 iis
1248 543 1365 604 quoquc
1381 524 1502 586 coloniis

143 637 304 707 quattuor,
337 646 462 708 quarum
496 645 674 707 quamquam
701 635 840 688 neutrum
869 645 978 688 nomen
1009 625 1147 700 traditur,
1181 628 1297 690 aliunde
1325 638 1440 690 constat
1467 628 1502 690 ab

142 732 282 812 Augusto
304 732 443 794 deductas
464 749 543 793 esse:

516 836 543 894 1.
576 831 752 905 Ariminum,
774 831 915 911 Augusta.

514 936 544 997 2.
577 937 687 997 Ateste.

516 1039 545 1100 3.
578 1040 708 1117 Augusta
730 1039 888 1101 Praetoria.

516 1143 545 1203 4.
578 1142 651 1204 lulia
672 1144 801 1223 Augusta
823 1142 1030 1204 Taurinorum.

515 1247 544 1306 5.
577 1246 788 1320 Beneventum,
810 1246 882 1308 lulia
904 1246 1043 1325 Augusta.

515 1350 544 1410 6.
578 1349 719 1411 Bononia.

517 1453 546 1513 7.
579 1452 686 1526 Brixia,
709 1453 850 1532 Augusta.

515 1554 544 1616 8.
577 1555 683 1635 Capua,
705 1555 779 1617 lulia
799 1556 939 1634 Augusta.

517 1659 546 1719 9.
580 1657 715 1720 Castrum
736 1677 845 1720 norum
868 1657 1013 1732 Etruriae,
1035 1657 1114 1718 lulia.

497 1763 545 1824 10.
579 1762 750 1836 Concordia,
772 1763 855 1824 lulia.

498 1865 547 1924 11.
581 1863 691 1926 Cumae
712 1862 766 1945 (2),
788 1864 870 1926 lulia.

497 1965 546 2026 12.
580 1967 716 2042 Dertona,
739 1968 819 2029 lulia.

485 2068 547 2147 Ι13.
580 2069 692 2132 Fanum
716 2071 871 2144 Fortunae,
893 2070 975 2132 lulia.

498 2172 547 2232 14.
580 2172 701 2235 Falerio.

499 2278 548 2338 15.
581 2276 754 2356 Hispellum,
778 2277 859 2339 lulia.

498 2382 546 2442 16.
580 2381 678 2441 Lucus
700 2380 849 2455 Feroniae,
871 2379 953 2442 Iulia.

500 2485 550 2545 17.
584 2485 759 2547 Minturnae.

499 2588 548 2650 18.
581 2588 663 2664 Nola,
686 2590 825 2669 Augusta.

499 2693 548 2754 19.
580 2691 761 2766 Parentium,
784 2693 864 2754 lulia.

499 2795 549 2856 20.
583 2794 698 2869 Parma,
720 2796 793 2857 lulia
815 2798 954 2875 Augusta.
1056 2827 1058 2834 s

500 2897 549 2958 21.
583 2897 677 2972 Pisae,
700 2899 781 2961 lulia.

500 3001 550 3060 22.
584 3001 749 3074 Pisaurum,
771 3001 852 3063 lulia.

497 3103 548 3164 23.
582 3104 661 3177 Pola,
684 3104 765 3165 Iulia.

498 3205 549 3267 24.
584 3207 677 3268 Saena
699 3204 753 3286 (2),
775 3207 857 3269 lulia.

499 3308 549 3370 25.
584 3311 664 3384 Sora,
686 3309 767 3372 lulia.

499 3411 549 3474 26.
584 3413 700 3487 Suessa,
723 3413 805 3475 lulia.

497 3514 548 3575 27.
581 3515 723 3589 Sutrium,
745 3515 825 3578 lulia.

500 3617 549 3680 28.
584 3619 691 3693 Tuder,
714 3619 795 3681 lulia.

499 3721 549 3783 29.
583 3722 752 3795 Venafrum,
775 3721 846 3783 lulia
868 3723 1000 3800 Augusta

151 3824 191 3885 ad
213 3841 288 3904 quas
309 3832 430 3904 propter
450 3824 595 3906 Illyricum
619 3834 679 3888 tres
702 3824 857 3886 minimum
882 3824 1030 3885 addendae
1052 3833 1134 3885 sunt:

500 3929 550 3991 30.
582 3929 705 4001 Emona,
727 3928 809 3990 lulia.

499 4031 549 4092 31.
583 4031 674 4093 luder.

500 4133 549 4195 32.
584 4134 716 4206 Salonas,
738 4133 820 4195 lulia.

256 4233 491 4298 Consentaneum
513 4245 559 4298 cst
580 4237 636 4297 hoc
657 4235 754 4297 indice
775 4235 990 4316 duodetriginta
1012 4236 1141 4298 colonias
1156 4235 1192 4296 ab
1203 4237 1332 4314 Augusto
1347 4235 1508 4298 intellectas

154 4355 260 4400 omnes
288 4347 340 4400 aut
367 4341 428 4400 lere
457 4358 560 4401 omncs
588 4339 812 4422 comprehendi,
842 4339 893 4401 scd
920 4340 990 4401 item
1013 4340 1125 4420 aliquot
1146 4339 1276 4401 civitates
1298 4339 1327 4399 in
1350 4359 1384 4400 eo
1406 4339 1509 4400 referri

154 4461 191 4503 ex
218 4441 269 4504 illo
295 4461 421 4504 numero
449 4444 628 4508 eximendas.
671 4444 729 4506 Fae
756 4463 897 4524 quaenam
926 4443 986 4505 sint
1007 4443 1140 4525 quaestio
1163 4461 1257 4521 neque
1279 4441 1364 4502 huius
1385 4442 1442 4503 loci
1464 4451 1510 4503 est

154 4563 211 4606 nec
236 4553 270 4606 ut
297 4563 362 4607 mea
384 4549 441 4608 lert
462 4547 561 4626 opinio
583 4556 661 4609 recte
684 4547 756 4609 solvi
778 4555 891 4628 potest3
920 4566 1010 4628 quare
1032 4546 1123 4627 magis
1146 4547 1239 4628 placet
1260 4563 1322 4606 rem
1344 4545 1374 4605 in
1397 4546 1509 4608 incerto

154 4647 320 4728 relinquere
341 4668 429 4728 quam
453 4649 614 4731 speciosam
636 4651 821 4713 concordiam
845 4651 1026 4731 argumentis
1048 4669 1152 4732 parum
1178 4648 1278 4712 solidis
1300 4647 1423 4710 allicere.
