3525 5417
245 376 327 431 XXII

289 577 315 619 to
344 556 406 617 sine
444 555 500 615 ulla
537 552 727 635 inscriptione
764 552 895 614 nominis
932 551 990 613 mei
1025 550 1107 612 riuos
1140 568 1284 631 aquarum
1321 552 1523 632 compluribus
1556 552 1631 615 locis

342 666 489 720 uetustate
533 656 665 718 labentes
708 656 796 717 reieci
832 665 863 717 et
898 673 1004 735 aquam
1044 672 1120 734 quae
1157 654 1248 715 maria
1285 655 1446 735 appellatur
1482 656 1631 736 duplicaui

341 764 422 821 tonte
472 778 552 820 nouo
601 759 633 820 in
680 759 778 821 riuum
824 758 889 819 eius
938 756 1074 819 immisso
1117 759 1214 818 lorum
1258 757 1362 819 iulium
1407 768 1437 819 et
1479 757 1629 821 basilicam

342 881 416 943 quae
453 862 509 923 luit
544 862 622 924 inter
665 863 767 923 aedem
804 860 927 923 castoris
964 870 994 922 et
1030 860 1131 921 aedem
1176 860 1290 922 saturni
1334 869 1433 941 caepta
1477 862 1629 941 profligata

342 986 399 1046 quc
432 984 518 1046 opera
553 984 569 1027 a
602 974 684 1045 patre
718 984 784 1026 meo
816 964 925 1045 perfeci
958 971 988 1025 et
1020 964 1143 1025 eandem
1179 962 1327 1023 basilicam
1361 973 1564 1025 consumatam
1598 966 1628 1026 in

289 1088 314 1131 ra
343 1115 349 1127 .
374 1115 410 1128 ..
451 1068 588 1148 ampliato
628 1069 691 1129 eius
729 1067 791 1128 solo
832 1067 888 1128 sub
925 1066 1009 1127 titulo
1190 1064 1319 1126 nominis
1357 1065 1484 1127 liliorum
1525 1113 1627 1139 ..‚.

344 1216 508 1231 ......
543 1170 630 1233 uinus
665 1188 724 1231 uon
759 1168 955 1248 perfecissem·
978 1170 1131 1250 perfeci¹⁶l
1167 1168 1203 1229 ab
1236 1167 1458 1249 haeredibus²⁶)
1499 1221 1501 1225 .
1527 1218 1533 1231 .
1558 1217 1564 1231 .
1589 1218 1596 1232 .
1622 1218 1628 1231 .

343 1320 573 1335 ........
607 1272 721 1353 uirgine
754 1271 971 1352 exemplum²⁷)
1005 1272 1093 1333 deum
1129 1271 1160 1331 in
1195 1270 1267 1332 urbe
1303 1290 1395 1333 consu

344 1421 572 1437 ........
594 1374 650 1436 leci
673 1374 765 1435 lluuio
791 1376 1001 1455 praetermisso
1031 1376 1110 1454 quod
1138 1382 1249 1454 temp.
1275 1420 1281 1433 .
1306 1421 1313 1435 .
1337 1420 1344 1435 .
1369 1421 1376 1434 .
1400 1421 1407 1435 .
1433 1422 1439 1435 .
1465 1422 1471 1435 .
1496 1422 1503 1436 .
1527 1424 1534 1437 .
1559 1424 1566 1437 .
1590 1423 1629 1439 ..

344 1523 633 1540 ..........
655 1488 1629 1539 et

290 1602 319 1646 ao
347 1624 1628 1644 .........................................

344 1728 954 1747 ....................
979 1683 1082 1744 ultoris
1104 1684 1247 1764 templum
1268 1702 1456 1766 quorumque
1471 1697 1629 1766 augustum

346 1798 375 1851 et
406 1788 549 1869 templum
578 1785 713 1866 apollinis
740 1784 771 1845 in
794 1785 855 1845 solo
883 1803 1019 1864 magnam
1041 1795 1154 1866 partem
1180 1833 1629 1851 ...............

343 1900 442 1972 empto
465 1890 521 1951 leci
543 1889 621 1969 quod
653 1908 706 1950 suo
729 1888 849 1950 nomine
873 1906 913 1949 m.
937 1889 1064 1950 marcelli
1087 1892 1188 1952 ueneri
1211 1936 1629 1954 ..............

343 1994 480 2055 manibus
507 1994 538 2054 in
565 1991 699 2072 capitolio
728 2000 757 2052 et
785 1990 816 2051 in
847 1992 917 2052 aede
945 1990 1006 2052 diui
1034 1991 1099 2052 iulii
1125 2000 1156 2053 et
1183 1993 1213 2053 in
1243 1994 1312 2054 aede
1335 1994 1470 2074 apollinis
1493 2004 1523 2056 et
1544 1995 1573 2056 in
1597 2014 1631 2057 ac

290 2116 317 2159 na
346 2097 381 2157 de
419 2106 500 2158 ueste
538 2105 568 2157 et
604 2096 634 2156 in
672 2095 781 2175 templo
818 2094 921 2156 martis
958 2095 1078 2156 uictoris
1114 2097 1285 2157 consecraui
1321 2115 1395 2175 quae
1430 2097 1502 2158 mihi
1535 2100 1630 2160 consti

344 2200 490 2282 terunt²⁸)
543 2199 657 2261 circiter
713 2197 839 2259 millenis
895 2198 958 2259 auri
1012 2198 1145 2259 coronari
1155 2198 1195 2277 ⁹⁹)
1243 2200 1342 2279 pondo
1391 2198 1509 2279 triginta
1557 2202 1629 2280 quin

343 2324 399 2384 que
426 2302 551 2364 millium
579 2300 746 2381 municipiis
779 2309 809 2362 et
835 2300 958 2362 coloniis
967 2298 1007 2379 ⁸⁰)
1034 2300 1129 2362 italiae
1156 2301 1376 2363 conserentibus
1402 2321 1435 2363 ac
1462 2302 1630 2384 triumphos

345 2427 426 2469 meos
455 2406 591 2486 quintum
622 2403 726 2466 consul
747 2403 848 2463 remisi
871 2412 901 2464 et
922 2411 1024 2483 postea
1045 2403 1301 2484 quotienscunque
1323 2405 1484 2486 imperator
1506 2426 1534 2467 m
1559 2453 1567 2467 .
1591 2453 1598 2468 .
1623 2440 1630 2454 ·

346 2552 638 2571 ..........
667 2506 731 2568 auri
769 2506 954 2568 coronarium
986 2525 1047 2567 non
1076 2507 1174 2588 accepi
1204 2508 1430 2570 decernentibus
1459 2508 1630 2591 municipiis

290 2632 317 2675 so
345 2654 1174 2673 ...........................
1197 2629 1271 2689 quae
1298 2609 1412 2691 ante³¹)
1440 2612 1629 2675 decreueram

293 2736 320 2780 ee
348 2758 1333 2777 ................................
1359 2723 1476 2796 tempus
1491 2716 1629 2779 defuncta

290 2840 316 2883 to
343 2837 408 2881 rum
433 2814 685 2889 allricanarum³¹t
711 2832 776 2876 meo
799 2816 918 2877 nomine
940 2824 991 2876 aut
1012 2816 1140 2876 filiorum
1163 2834 1297 2877 meorum
1321 2826 1351 2878 et
1373 2828 1517 2897 nepotum
1538 2820 1568 2881 in
1589 2820 1631 2881 cir

343 2942 378 2984 co
408 2966 476 2982 ...
502 2967 508 2981 .
536 2929 587 2982 aut
619 2920 649 2981 in
677 2917 786 2998 foro³⁸)
813 2928 864 2980 aut
896 2919 927 2979 in
956 2918 1180 3000 amphitheatris
1207 2920 1297 3001 popul
1325 2966 1490 2983 ......
1520 2923 1629 3003 quibus

342 3028 473 3086 conlecta
532 3031 602 3083 sunt
660 3021 821 3082 bestiarum
880 3021 997 3083 circiter
1054 3022 1145 3084 trium
1205 3022 1329 3084 millium
1384 3034 1415 3087 et
1471 3026 1630 3106 quingenta

343 3127 456 3188 naualis
492 3124 593 3206 praelii
639 3124 837 3205 spectaculum
880 3126 970 3205 popul
1008 3171 1203 3187 .......
1240 3126 1367 3188 liberum
1403 3128 1435 3188 in
1472 3147 1531 3208 quo
1567 3130 1629 3191 loco

342 3247 423 3291 nuuc
459 3246 565 3289 nemus
602 3238 648 3289 est
683 3246 835 3289 caesarum
874 3238 977 3291 cauato
1006 3274 1297 3290 ..........
1330 3230 1512 3309 longitudine
1550 3233 1627 3294 mille

290 3354 317 3396 ts
345 3343 375 3394 et
429 3333 612 3410 octingentos
667 3332 754 3411 pedes
804 3331 833 3392 in
889 3331 1044 3394 latitudine
1094 3333 1183 3412 pedes
1234 3332 1353 3395 ducenti
1401 3332 1432 3393 in
1482 3353 1541 3414 quo
1590 3336 1627 3396 tri

342 3436 422 3515 ginta
459 3442 583 3495 rostrato
622 3452 712 3494 naues
750 3433 943 3514 triremesque
979 3435 1124 3516 plurimae
1147 3481 1625 3500 ................

343 3555 478 3600 rumores
506 3536 583 3597 inter
613 3554 643 3596 sc
676 3535 870 3597 conflixerunt
894 3582 1626 3603 ........................

343 3649 415 3702 runt
451 3647 568 3720 praeter
602 3638 728 3717 remiges
765 3638 854 3701 millia
893 3685 1089 3700 .......
1128 3640 1245 3703 circiter
1275 3688 1628 3705 ............

343 3744 373 3805 in
418 3742 535 3822 templis
571 3740 705 3803 omnium
748 3740 913 3804 ciuitatium
956 3761 975 3824 p
1015 3789 1210 3804 .......
1248 3753 1276 3806 et
1312 3745 1389 3808 asiae
1426 3749 1523 3809 uictor
1559 3766 1628 3810 orna

290 3866 316 3907 so
345 3854 445 3907 menta
481 3844 598 3925 reposui
635 3863 710 3923 qnae
747 3844 878 3925 spoliatis
915 3847 1032 3927 templis
1056 3892 1628 3912 ...................

345 3947 485 4029 priuatim
509 3946 681 4028 possederat
702 3955 815 4009 statuae
838 3993 1629 4015 ..........................

344 4050 536 4131 quadragenis
590 4049 735 4129 argenteis
792 4059 940 4113 steterunt
992 4051 1022 4111 in
1077 4051 1150 4113 urbe
1203 4070 1238 4113 ac
1285 4053 1402 4116 circiter
1448 4074 1520 4134 quas
1557 4044 1630 4137 'ipse

345 4153 452 4215 sustuli
485 4173 519 4214 ex
553 4171 610 4232 qua
643 4153 679 4214 de
713 4153 836 4233 pecunia
870 4155 946 4216 dona
979 4172 1067 4215 aurea
1098 4154 1128 4215 in
1162 4156 1263 4216 aedem
1292 4156 1427 4236 apollinis
1454 4176 1520 4219 meo
1550 4158 1630 4220 nomi

344 4278 382 4320 ne
431 4267 460 4319 et
508 4256 637 4320 tiliorum
686 4276 761 4338 quae
816 4257 890 4319 mihi
939 4265 1108 4319 statuerunt
1150 4259 1291 4320 bonorem
1336 4258 1503 4321 babuerunt
1545 4260 1629 4342 posui

223 4459 435 4469 ..--——--—-

323 4599 355 4665 ¹⁵)
374 4598 495 4666 purlicia
564 4600 595 4661 ¹⁰)
615 4600 783 4651 heredibusc
860 4598 892 4664 ¹⁷)
910 4600 1037 4664 templao
1104 4599 1136 4664 ¹⁸)
1152 4611 1191 4654 rus
1207 4601 1291 4651 inco
1353 4600 1386 4666 ¹⁹)
1403 4601 1534 4653 coronarii
1553 4618 1630 4652 manu

223 4682 334 4734 secundo
353 4683 382 4734 V
459 4684 492 4746 ⁸⁰)
511 4684 643 4735 colonico
731 4686 763 4747 ⁸¹)
784 4691 890 4735 antean
980 4684 1013 4748 θ’)
1030 4680 1233 4735 africanarumo
1324 4686 1356 4747 ⁸⁸)
1375 4688 1400 4738 iu
1419 4687 1490 4738 circo
1508 4687 1629 4738 aucnioro

224 4776 270 4819 cut
287 4769 311 4819 in
330 4768 419 4820 sorov
