3525 5417
477 1526 529 1603 II.
570 1525 949 1605 MONUMENTUM
975 1527 1391 1608 APOLLONIENSE.

355 1849 525 1930 Apolloniae
546 1849 576 1911 iu
598 1848 706 1911 Pisidia
721 1849 761 1931 (r.
777 1868 806 1930 p.
822 1868 852 1911 ιιι
873 1850 941 1911 adn.
958 1849 1000 1928 3),
1022 1849 1109 1911 bodie
1125 1850 1280 1924 Oluburlu‚
1303 1870 1364 1914 non
1386 1862 1520 1932 repertae
1542 1862 1613 1915 sunt

255 1954 314 2015 nisi
335 1952 586 2033 interpretationis
609 1952 733 2013 Graecae
755 1952 915 2032 particulae
936 1961 967 2013 et
996 1952 1168 2032 paginarum
1198 1954 1317 2033 quidem
1345 1965 1486 2035 quattuor
1512 1964 1612 2037 partes

256 2074 400 2131 summae,
423 2074 496 2135 quas
519 2056 703 2117 monumenti
725 2054 832 2135 integri
854 2056 1013 2118 secundam
1037 2056 1154 2118 tertiam
1183 2066 1317 2137 quartam
1347 2057 1481 2137 quintam
1509 2058 1611 2130 luisse,

256 2168 332 2221 totas
354 2157 536 2220 intercidisse
558 2158 677 2238 paginas
699 2158 824 2239 primam
847 2169 959 2221 sextam
984 2161 1140 2239 septimam
1162 2178 1229 2222 cum
1253 2162 1441 2224 intellexisset
1461 2162 1612 2235 drantius,

255 2261 439 2324 confirmavit
455 2261 562 2322 Graeca
583 2280 650 2340 pars
666 2262 851 2323 monumenti
866 2262 1013 2343 Ancyrani
1026 2271 1127 2343 postea
1143 2249 1266 2343 expleta.
1302 2263 1459 2329 Universae
1474 2264 1613 2344 reliquias

253 2365 475 2445 descripserunt
495 2364 635 2425 Arundell
658 2364 836 2441 (discoperies
857 2370 891 2428 in
904 2366 972 2428 Asia
993 2370 1098 2427 minor.
1142 2365 1268 2427 Londini
1285 2367 1366 2428 1834
1389 2368 1445 2428 rol.
1462 2366 1481 2426 2
1502 2388 1532 2448 p.
1549 2366 1613 2429 426

253 2468 318 2530 coll.
334 2466 389 2528 rol.
408 2468 422 2527 1
441 2485 470 2547 p.
486 2465 571 2544 241),
594 2465 789 2547 Waddington
812 2470 890 2549 apud
904 2468 1060 2563 Lebasium
1076 2468 1165 2531 inser.
1182 2470 1238 2532 vol.
1254 2487 1287 2529 ιιι
1302 2488 1331 2531 n.
1351 2470 1442 2545 1194,
1465 2470 1613 2532 Gustarus

253 2571 427 2645 Hirschfeld,
450 2568 501 2649 qui
523 2569 596 2631 mibi
617 2570 697 2632 dedit
718 2589 786 2632 cum
809 2572 969 2652 descriptas
991 2582 1055 2633 tum
1079 2572 1178 2633 charta
1201 2592 1361 2653 expressas,
1391 2574 1470 2635 unde
1499 2573 1610 2635 variam

252 2672 408 2735 lectionem
432 2672 510 2734 edidi
530 2674 561 2733 in
582 2671 786 2753 premeridis
808 2674 1010 2755 epigrapbicao
1024 2676 1188 2748 vobaltero
1204 2675 1314 2755 (1875)
1329 2696 1357 2757 p.
1374 2675 1451 2751 4823
1473 2676 1611 2757 paginam

253 2776 369 2838 tertiam
392 2784 422 2836 et
444 2784 564 2855 quartae
586 2785 698 2856 partem
719 2776 806 2837 babet
821 2779 910 2839 etiam
926 2777 1076 2839 Hamilton
1093 2779 1265 2853 (rmeorcbos
1279 2783 1312 2841 in
1326 2779 1395 2841 Asia
1407 2782 1503 2841 minor
1516 2780 1573 2840 rol.
1590 2778 1610 2839 2

253 2900 281 2960 p.
298 2880 357 2941 491
375 2898 405 2941 n.
422 2879 508 2958 455).
551 2878 698 2940 Tractarit
719 2881 883 2959 fragmenta
905 2879 1045 2942 Franzius
1067 2890 1112 2942 ter
1133 2882 1380 2961 (Monotsdericltte
1404 2883 1456 2945 der
1476 2881 1611 2945 Barlioer

252 2982 403 3045 Altudemic
424 3002 449 3043 a.
468 2980 550 3044 1839
572 3000 600 3061 p.
619 2981 679 3043 102
695 3001 738 3062 sq.
762 2990 792 3043 et
813 2981 844 3043 G.
860 2982 881 3042 l.
900 2983 948 3044 Gr.
971 2984 1027 3045 rol.
1044 2982 1062 3045 3
1078 3003 1108 3045 n.
1124 2984 1205 3046 3971
1230 2994 1261 3045 et
1281 2984 1312 3045 in
1335 2984 1463 3046 editione
1484 2984 1609 3047 huiusce

253 3086 452 3159 monumenti,
480 3104 569 3165 quam
591 3103 658 3145 cum
683 3083 819 3165 Zumptio
842 3086 970 3159 curarit,
999 3105 1028 3166 p.
1046 3089 1100 3148 101
1122 3088 1190 3168 sq).
1236 3088 1373 3167 Singulae
1395 3087 1517 3169 paginae
1539 3107 1608 3150 cum

254 3188 384 3266 integrae
407 3190 535 3260 luerunt,
559 3187 710 3267 sexagenis
732 3189 849 3250 circiter
865 3189 998 3251 versibus
1020 3190 1147 3271 exempli
1162 3190 1263 3253 Graeci
1278 3192 1425 3272 Ancyrani
1446 3192 1610 3272 responde-

252 3288 324 3350 bant
349 3290 552 3369 habebantque
580 3291 660 3369 ipsae
687 3310 789 3352 versus
812 3310 900 3371 supra
922 3292 1154 3372 quinquagenos.
1200 3293 1292 3354 Hodie
1315 3294 1371 3355 hoc
1393 3295 1507 3375 expleto
1529 3297 1609 3374 frag·

253 3400 419 3454 mentorum
436 3393 686 3472 apolloniensium
710 3394 820 3456 utilitas
842 3396 945 3475 exigua
961 3406 1015 3458 est.
1054 3396 1222 3477 Respondet
1236 3406 1335 3459 autem
1351 3397 1469 3459 iniu'um
1485 3397 1609 3478 paginae

253 3496 397 3556 secundae
419 3495 633 3576 Apolloniensis
654 3497 823 3577 Ancyranae
846 3496 874 3572 3,
898 3498 951 3573 123
974 3498 1078 3560 tertiae
1099 3498 1314 3578 Apolloniensis
1336 3499 1504 3579 Ancyranae
1527 3500 1556 3573 6,
1573 3502 1608 3573 5;

253 3608 373 3678 quartae
389 3598 603 3678 Apolloniensis
617 3599 786 3680 Ancyranae
808 3600 838 3673 8,
860 3603 914 3677 17;
936 3600 1057 3681 quintae
1071 3602 1287 3683 Apolloniensis
1304 3603 1474 3683 Ancyranae
1491 3604 1540 3676 11,
1558 3603 1608 3664 19.
