3525 5417
268 352 330 418 168
755 342 1124 410 nsrneronovsnru

265 527 440 608 legationem
463 525 624 608 Syriacam,
650 526 691 588 ita
712 526 744 588 in
766 544 834 588 eum
856 525 1021 598 convenire,
1048 533 1081 586 ut
1103 523 1254 587 attributio
1277 523 1531 588 Sanclenrentiana
1553 545 1614 588 non

265 632 362 695 solum
383 628 542 712 probabilis
564 629 696 691 habenda
720 630 767 704 sit,
790 629 841 692 sed
864 629 949 710 plane
970 627 1101 709 probata.

364 733 405 796 be
420 733 451 795 d.
468 732 569 796 Sentio
586 732 744 795 Saturnino
766 751 858 813 pauca
881 739 996 793 tantum
1019 731 1161 804 dicemus,
1184 732 1234 793 scd
1249 749 1324 810 quae
1339 733 1496 795 sufficiant
1534 733 1614 796 Con·

265 847 324 902 stat
342 857 411 902 eum
435 856 551 918 quoque
573 836 719 918 accepisse
741 842 914 898 ornamenta
940 834 1127 915 triumphalia
1151 833 1215 910 (llio
1239 837 1289 910 55,
1306 835 1370 916 28),
1394 845 1427 898 ut
1440 847 1615 918 acceperunt

264 962 299 1006 ea
324 943 487 1022 imperante
519 941 651 1020 Augusto
684 940 774 1002 duces
806 939 954 1019 aliquanto
985 939 1084 1018 plures
1113 957 1202 1019 quarn
1235 939 1286 1020 qui
1320 941 1413 1002 iustos
1447 940 1614 1021 triumphos

267 1045 361 1126 egisse
391 1044 530 1109 dicuntur
555 1062 644 1124 super
672 1042 830 1123 triginta¹).
873 1041 996 1121 Reliqua
1018 1050 1115 1104 autem
1143 1041 1249 1104 indicia
1277 1042 1332 1105 tria
1354 1062 1414 1104 non
1436 1043 1614 1106 conueniunt

263 1150 294 1212 in
318 1148 521 1212 Saturninum.
565 1145 698 1208 Primum
721 1144 830 1226 duplici
852 1144 953 1225 Syriae
973 1144 1110 1224 legationi
1137 1164 1175 1207 ne
1197 1146 1295 1208 locum
1317 1146 1436 1226 quidem
1459 1145 1613 1228 Zumptius

263 1250 393 1314 invenire
415 1249 511 1331 potuit
532 1249 591 1311 nisi
611 1249 661 1323 ita,
683 1257 717 1311 ut
732 1247 831 1329 Syriae
853 1247 982 1329 primunr
1005 1249 1164 1329 praefuerit
1177 1268 1230 1328 per
1244 1267 1338 1310 annos
1354 1249 1532 1325 rus—731,
1554 1271 1612 1332 quo

264 1365 396 1435 tempore
423 1353 600 1415 Saturninus
621 1352 785 1434 praetorius
805 1353 863 1413 fuit
885 1369 939 1412 uec
965 1370 1054 1431 capax
1075 1350 1240 1432 prouinciae
1270 1353 1403 1416 omnium
1431 1354 1613 1416 confessione

263 1457 432 1521 consularis.
446 1491 489 1502 -
504 1456 613 1519 Deinde
635 1455 767 1537 quamvis
789 1455 948 1535 ignoretur,
971 1472 1030 1533 quo
1045 1472 1121 1516 anno
1137 1455 1314 1518 Saturninus
1330 1455 1408 1517 diem
1424 1456 1538 1530 obierit,
1561 1476 1613 1520 noc

265 1571 445 1625 memoratur
460 1569 527 1641 post
540 1579 566 1621 a.
583 1560 645 1621 759
660 1557 743 1638 (Vell.
759 1557 788 1632 2,
806 1559 876 1621 109.
894 1560 966 1638 110)
986 1566 1016 1619 et
1033 1566 1102 1619 ante
1116 1557 1281 1638 Augustum
1297 1577 1366 1620 eum
1382 1568 1535 1622 mortuum
1550 1579 1612 1622 esse

264 1673 379 1727 constat
399 1682 435 1724 ex
457 1662 573 1724 silentio
593 1661 694 1736 Taciti,
716 1661 800 1724 cuius
821 1663 939 1723 annales
961 1660 997 1722 ab
1019 1679 1139 1724 excessu
1161 1660 1219 1722 diri
1233 1661 1358 1741 Augusti
1372 1663 1409 1724 ad
1423 1681 1448 1724 a.
1464 1682 1494 1725 u.
1511 1681 1536 1724 c.
1553 1663 1611 1725 782

262 1767 370 1847 integri
391 1773 551 1847 supersunt
569 1783 623 1826 nec
637 1765 798 1828 secundum
814 1764 984 1827 institutum
999 1764 1126 1828 auctoris
1141 1764 1177 1826 de
1191 1763 1261 1826 olari
1277 1764 1332 1826 viri
1346 1765 1428 1827 obitu
1444 1766 1611 1840 tacuissent,

265 1871 343 1933 siin
363 1870 429 1932 illos
450 1887 543 1931 annos
565 1867 725 1931 incidisset
748 1904 789 1913 -
811 1866 1057 1930 Proconsulatum
1079 1867 1205 1948 denique
1226 1867 1311 1930 Asiae
1338 1868 1473 1941 excludit,
1496 1869 1532 1930 de
1555 1889 1610 1950 quo

264 1973 375 2055 optime
390 1971 506 2035 monuit
515 1971 692 2051 Borghesius
707 1971 820 2053 (oppii
836 1990 864 2052 p.
877 1971 954 2046 4953
976 1970 1093 2033 chzen
1108 1971 1171 2052 syll.
1183 1991 1211 2052 p.
1224 1972 1309 2052 496),
1332 1971 1540 2045 Tertullianus,
1563 1975 1611 2053 qui

263 2077 315 2138 ubi
334 2074 515 2154 Carthaginis
537 2074 666 2138 coloniae
686 2075 764 2138 vices
786 2075 913 2137 breviter
935 2074 1157 2154 comprehendit
1179 2076 1227 2152 (de
1249 2074 1335 2155 pallio
1358 2093 1382 2135 c.
1402 2076 1431 2150 1)
1448 2075 1491 2136 sic
1513 2077 1612 2139 scribit

260 2191 329 2260 post
352 2180 449 2260 longas
473 2177 605 2243 Caesarie
627 2197 727 2242 moros
752 2183 865 2242 moenio
889 2177 1057 2256 Gortbopini
1076 2176 1221 2240 Statilium
1244 2176 1371 2240 Taunum
1393 2177 1609 2258 (proconsulem

263 2282 376 2345 Airicae
399 2280 580 2361 718-720)
601 2285 773 2362 inposuisse,
796 2282 945 2345 eollemm'o
966 2285 1144 2344 enorroorbse
1165 2281 1294 2344 Sentium
1315 2280 1515 2343 Salaminum.
1552 2283 1608 2344 lam

263 2405 332 2448 curn
353 2387 385 2448 in
406 2385 490 2448 iosus
517 2384 621 2447 aeta'tis
642 2385 789 2465 Augustae
812 2395 872 2447 tres
893 2384 1080 2446 inveniantur
1102 2384 1196 2447 Sentii
1218 2383 1384 2458 Saturnini,
1408 2384 1520 2448 sedicet
1541 2405 1608 2448 con-

263 2490 311 2552 sul
331 2508 356 2551 a.
373 2487 434 2550 735
456 2488 482 2551 is
510 2489 562 2569 qui
588 2496 689 2568 postea
711 2488 809 2568 Syriae
838 2487 965 2570 praeluit
986 2486 1097 2567 filiique
1119 2487 1181 2548 eius
1204 2487 1262 2549 duo
1284 2487 1420 2550 consules
1440 2497 1564 2568 uterque
1584 2509 1606 2550 a.

264 2593 342 2666 757,
365 2591 486 2654 omnino
508 2599 591 2671 pater
619 2591 760 2652 hocloco
782 2590 994 2670 intellegendus
1017 2598 1071 2664 est,
1094 2609 1132 2651 ne
1153 2590 1255 2670 longae
1278 2609 1377 2652 morae
1399 2590 1508 2653 nimine
1530 2592 1604 2654 bant

194 2773 199 2781 Ι
262 2696 363 2775 ltaque
388 2694 415 2756 is
443 2695 529 2757 cuius
556 2704 602 2757 est
627 2693 754 2774 elogium
783 2693 989 2768 Tiburtinum,
1018 2694 1151 2774 quisquis
1178 2695 1246 2766 init,
1274 2711 1333 2756 nou
1360 2693 1417 2756 luit
1439 2693 1470 2755 G.
1493 2695 1606 2758 Sentius

263 2797 451 2861 Saturninus.

386 2899 541 2961 Videamus
563 2900 599 2961 de
620 2900 653 2961 P.
671 2899 799 2980 Sulpicio
822 2897 968 2972 Quirinio.

362 3003 384 3066 Ι.
418 3001 535 3064 Tacitus
562 3003 598 3064 ad
619 3021 645 3064 a.
662 3021 691 3063 u.
707 3022 732 3063 c.
748 3003 810 3062 774
832 3002 883 3063 ubi
912 3002 947 3063 de
974 3001 1056 3063 obitu
1078 3001 1203 3074 Quirinii
1230 3003 1319 3063 refert
1340 3001 1382 3063 sic
1404 3003 1507 3066 scribit
1530 3003 1605 3082 (anu.

205 3150 208 3157 .
264 3105 293 3179 3,
309 3105 376 3186 48);
398 3105 470 3167 nibil
490 3105 529 3167 od
549 3115 671 3167 oetcrmn
691 3115 717 3167 et
734 3109 888 3184 pmnbt'mn
909 3103 1101 3184 Sulpiciorum
1122 3104 1266 3184 {omilium
1290 3103 1444 3178 Quirinim
1464 3111 1604 3186 pertinuit,

264 3219 343 3271 ortuo
369 3210 448 3289 opud
473 3211 659 3288 municipium
684 3205 859 3283 bononien,
888 3209 937 3269 ced
963 3212 1083 3288 impiger
1111 3209 1230 3270 militiae
1256 3218 1283 3270 et
1310 3209 1423 3272 ombus
1449 3214 1607 3273 ministeriu

263 3311 442 3374 consciorum
461 3312 513 3373 sub
544 3313 608 3374 diue
628 3312 753 3392 Augusto
777 3312 818 3386 (u.
833 3330 858 3373 c.
876 3311 966 3390 742),
993 3329 1063 3374 mou·
1089 3313 1260 3390 expugnetis
1277 3329 1332 3390 per
1355 3307 1483 3374 Ciliu‘om
1505 3311 1608 3376 Home·

262 3415 432 3478 nodmnitm
453 3414 575 3477 rostellis
595 3417 717 3495 inn'pnio
738 3413 877 3493 triumphi
896 3415 1022 3494 adeptura,
1045 3414 1180 3494 ιίοουιρυο
1202 3423 1295 3475 rector
1319 3412 1349 3474 0.
1376 3412 1494 3476 Comari
1509 3418 1605 3478 Arme-

262 3520 342 3579 nimn
363 3517 499 3579 obtinenti
511 3517 553 3597 (u.
569 3537 594 3579 ο.
611 3515 695 3596 756).
731 3515 835 3578 Strabo
852 3515 901 3590 12,
917 3516 946 3590 6,
962 3518 981 3578 5
996 3536 1025 3598 p.
1042 3515 1117 3579 569:
1140 3511 1158 3579 d
1176 3511 1335 3598 Ἀμύντας
1357 3515 1404 3588 είς
1424 3513 1502 3590 τούς
1515 3513 1607 3599 ‘Ope

263 3617 383 3692 ναδέοις
403 3617 598 3700 παρελθών,
621 3623 658 3683 oi
675 3614 864 3700 ἐνομίζοντο
888 3614 1124 3702 digressionum,
1155 3617 1210 3679 καὶ
1233 3616 1394 3692 καταστὰς
1416 3615 1478 3702 ἤδη
1502 3617 1607 3704 κύριος

263 3721 328 3786 τῶν
349 3719 514 3785 πλείστων
535 3724 677 3805 χωρίων,
701 3715 826 3785 ἀνελών
845 3721 901 3784 καὶ
917 3720 974 3786 τὸν
988 3717 1146 3802 τύραννον
1160 3715 1269 3783 αὐτῶν
1284 3719 1320 3794 ἐξ
1334 3717 1463 3807 ἆπατῆς
1478 3715 1607 3809 ἐλήφθη

264 3823 323 3888 διὰ
343 3826 399 3908 τῆς
419 3822 477 3888 τοῦ
498 3821 657 3907 τυράννου
679 3820 848 3902 γυναικός·
871 3823 927 3888 καί
949 3823 1065 3887 τοῦτον
1079 3821 1141 3904 μὲν
1155 3821 1276 3888 ἐκείνοι
1291 3822 1508 3909 διέφθειραν,
1531 3825 1608 3889 issi·

263 3949 340 4002 νους
361 3926 399 3991 dt
412 3930 572 4011 Κυρίνιος
594 3919 800 4012 ἐξεπόρθησε
821 3926 908 4012 λιμῷ
930 3926 985 3990 καὶ
1007 3925 1287 4008 τετρακισχιλίους
1309 3924 1431 4012 ἄνδρας
1453 3926 1609 4012 ἐζώγρησε

265 4031 321 4094 καί
352 4027 531 4116 συνῴκισεν
559 4030 608 4105 είς
639 4035 696 4105 τὰς
723 4028 817 4109 ἐγγυς
847 4023 983 4108 πόλεις,
1011 4029 1070 4114 τὴν
1098 4027 1135 4092 δὲ
1162 4027 1273 4112 χώραν
1300 4025 1467 4095 ἀπέλιπεν
1496 4030 1609 4116 ἔρὴμον

265 4135 329 4200 τῶν
350 4133 386 4199 ἓν
407 4129 503 4224 ἀκμῇ.
546 4135 687 4216 Amyntas
708 4154 761 4198 rex
782 4155 884 4199 caesus
907 4144 953 4198 est
973 4155 998 4197 a.
1016 4154 1044 4196 u.
1060 4154 1085 4197 e.
1102 4134 1173 4196 729.
1202 4133 1246 4196 Διί
1268 4134 1321 4198 has
1335 4135 1518 4200 narrationes
1533 4144 1607 4199 recte

265 4239 412 4321 aptabitur
433 4238 609 4319 principium
633 4239 709 4302 tituli
731 4239 878 4302 Tiburtini
901 4239 943 4301 sic
964 4243 1024 4302 tere
1046 4238 1240 4319 explendum:

364 4483 386 4550 ¹)
405 4482 556 4550 Quanquam
574 4498 703 4534 numerum
720 4483 800 4546 bunc,
818 4496 889 4548 quern
907 4484 992 4550 posuit
1009 4483 1146 4536 Suetonius
1165 4483 1230 4548 Aug.
1244 4481 1292 4548 38,
1310 4481 1413 4534 uiniurn
1432 4497 1491 4534 csse
1511 4483 1608 4536 tabulae

265 4569 341 4621 buius
361 4572 485 4636 temporie
507 4571 673 4636 triumphales
696 4571 832 4620 ostendunt
853 4568 904 4620 im
928 4570 1056 4636 expletus:
1081 4585 1137 4622 uam
1160 4571 1191 4622 ab
1214 4586 1237 4621 ι.
1251 4570 1297 4624 711
1318 4577 1347 4621 ut
1369 4571 1512 4636 triumphos
1529 4585 1610 4620 omues

267 4672 384 4708 numeres
407 4665 508 4723 praeter
531 4657 612 4723 ipsius
635 4656 746 4719 Augusti
769 4655 903 4706 orationes
926 4656 987 4707 duas
1009 4657 1200 4724 triumphosque
1220 4665 1275 4709 tres
1292 4662 1320 4708 ct
1336 4655 1443 4707 Antonii
1463 4656 1610 4718 ovatioucn,

269 4760 318 4793 uon
336 4743 499 4811 reperiuntur
517 4744 567 4794 uisi
585 4743 633 4793 duo
652 4751 679 4794 et
696 4741 799 4807 viginti.
