3525 5417
208 1472 279 1547 DE
305 1470 348 1546 P.
368 1469 597 1548 SVLPIOH
623 1469 853 1567 QVIRINII
882 1469 1077 1549 uluvuo
1105 1470 1394 1550 ufflvttulrto

229 1703 342 1765 ludere
364 1703 473 1784 placuit
493 1703 766 1765 commentariolum
789 1703 825 1765 de
840 1703 935 1778 titulo,
958 1703 1010 1784 qui
1024 1712 1054 1765 et
1067 1704 1130 1786 ipse
1143 1712 1276 1766 versatur
1290 1703 1320 1766 in
1336 1703 1477 1766 memoria

127 1825 229 1868 rerum
263 1826 379 1880 earum,
413 1826 488 1886 quae
517 1807 608 1868 ductu
639 1806 827 1887 auspicioque
854 1807 924 1888 imp.
940 1807 1064 1887 Augusti
1090 1817 1187 1885 gestae
1215 1815 1298 1881 sunt,
1325 1805 1477 1870 Tiburtino

126 1909 161 1970 P.
177 1910 297 1990 Sulpicii
319 1907 461 1984 Quirinii,
491 1928 558 1971 cum
588 1909 761 1990 praesertim
790 1929 865 1989 quae
891 1910 927 1971 de
949 1928 983 1972 eo
1005 1909 1065 1972 dixi
1087 1911 1164 1991 apud
1186 1909 1364 1973 lliohardum
1387 1911 1477 1990 Berg-

127 2031 271 2075 mannum
294 2012 343 2093 (de
365 2013 557 2092 inscriptione
579 2012 681 2074 Latina
702 2013 738 2073 ad
761 2012 792 2073 P.
809 2012 973 2094 Sulpicium
995 2012 1161 2086 Quirinium
1185 2016 1343 2076 referenda.
1388 2015 1478 2077 Bero-

126 2115 296 2177 lini1851.
335 2117 364 2178 4.
395 2136 424 2197 p.
440 2120 564 2191 rv—rn)
592 2125 621 2177 et
650 2116 682 2177 in
710 2134 871 2196 paucorum
900 2134 1005 2178 manus
1032 2117 1166 2178 venerint
1191 2124 1221 2178 et
1250 2118 1381 2196 quaestio
1408 2137 1477 2180 saue

125 2239 235 2300 anceps
256 2219 298 2280 ibi
319 2227 440 2301 propter
460 2219 648 2300 epistularem
671 2219 841 2282 brevitatem
866 2220 959 2300 magis
981 2221 1153 2282 summatim
1175 2219 1300 2282 iudicata
1322 2221 1361 2282 sit
1389 2241 1477 2301 quam

124 2330 312 2403 pertractata.

228 2425 359 2486 Effossus
381 2433 427 2486 est
447 2424 472 2486 is
493 2425 528 2487 de
550 2444 609 2505 quo
630 2425 727 2505 agitur
749 2426 852 2488 titulus
874 2427 1001 2508 scriptus
1022 2425 1127 2487 litteris
1150 2425 1268 2505 optimis
1291 2435 1321 2488 et
1335 2427 1474 2508 pulcher-

125 2528 213 2591 rimis
239 2547 265 2590 a.
283 2529 363 2590 1764
386 2528 494 2591 Tibure
522 2537 603 2590 extra
632 2536 747 2610 portam
769 2527 932 2590 Romanam
962 2529 1040 2591 inter
1067 2529 1163 2591 villam
1187 2529 1324 2590 Hadriani
1350 2531 1477 2593 etaiam

124 2633 313 2695 Tiburtinam
342 2632 406 2714 pari
432 2631 468 2693 ab
497 2642 621 2711 utraque
648 2631 809 2694 intervallo.
854 2631 972 2694 Delatus
1000 2632 1067 2693 inde
1090 2631 1182 2693 Tibur
1207 2633 1239 2693 iu
1265 2632 1350 2694 aedes
1373 2633 1478 2696 Boschi

124 2746 231 2819 postea
261 2735 393 2817 pervenit
418 2735 449 2796 in
479 2753 616 2797 museum
638 2735 824 2810 Vaticanum,
853 2736 905 2798 ubi
926 2735 1002 2799 inter
1023 2735 1135 2816 lapides
1156 2753 1216 2797 nou
1238 2735 1385 2816 expositos
1407 2736 1478 2798 olim

123 2841 231 2903 inveni
252 2850 282 2902 et
303 2839 445 2921 descripsi
466 2839 522 2901 hac
543 2842 650 2901 forma:
929 2841 938 2856 ‘

445 3001 675 3062 15555555
697 3019 704 3033 ·
728 3006 895 3049 sennenn
921 2969 1070 3055 W

435 3094 588 3138 tvcvsrr
604 3107 612 3121 ·
629 3075 833 3146 rorvtles
849 3108 857 3122 ·
873 3092 1014 3137 sonatur
1027 3111 1035 3126 ·
1048 3099 1160 3142 senar

432 3161 1155 3228 svrenrcnnonss·clausos-assonosr

434 3266 501 3309 resi
564 3278 571 3293 ·
630 3259 861 3308 osnnusnra
920 3277 927 3290 ·
986 3265 1142 3326 55555555Ι

412 3345 1127 3396 eno·consur·asrnu·en0vrncrnu·or

433 3420 514 3478 nlvl
542 3434 726 3478 ·nvcvsr1
774 3433 919 3508 Q.
956 3433 1209 3482 susianen-es

121 3564 244 3628 Prodiit
268 3565 398 3647 primum
426 3565 457 3626 in
484 3565 610 3628 Novellis
637 3566 814 3631 Florentinis
836 3588 861 3631 a.
880 3570 961 3633 1765
983 3589 1012 3650 p.
1028 3569 1090 3632 355
1113 3569 1193 3648 (inde
1216 3565 1319 3629 lionati
1335 3567 1407 3642 464,
1429 3565 1478 3645 3);

120 3671 235 3732 deinde
261 3689 315 3750 pro
342 3668 451 3730 inedito
474 3669 505 3730 in
528 3669 735 3731 Sanclementii
757 3690 845 3751 opere
868 3673 904 3733 de
926 3671 1052 3752 vulgaris
1074 3691 1157 3734 55555
1179 3669 1384 3733 emendatione
1405 3669 1479 3750 (Ro-

120 3793 194 3836 mae
218 3771 315 3844 1793)
338 3792 366 3852 p.
383 3773 460 3845 414,
493 3773 541 3834 cui
570 3772 725 3852 descripsit
754 3773 842 3836 abbas
864 3774 955 3849 Sarti;
982 3774 1109 3855 denique
1138 3794 1174 3836 ex
1195 3773 1373 3854 apographo,
1401 3772 1478 3852 quod

119 3875 313 3958 sumpsimus
335 3875 489 3937 llenzenus
511 3883 615 3955 elego
637 3895 725 3956 opera
746 3876 911 3952 coniuncta,
934 3878 1010 3958 apud
1026 3878 1243 3957 Bergmanuum
1266 3876 1285 3937 l.
1301 3894 1327 3937 c.
1350 3883 1380 3939 et
1399 3873 1479 3935 lleu'-

117 4000 235 4044 zenum
265 3998 295 4041 n.
312 3979 395 4042 5366
424 3980 489 4041 coll.
511 3981 577 4042 add.
599 3999 629 4060 p.
645 3980 717 4042 496.
766 3981 888 4050 Errores
916 4000 977 4043 uon
1004 3981 1045 4043 ita
1071 3982 1181 4043 multos
1209 3979 1342 4061 priorum
1369 3980 1479 4039 referre

118 4085 201 4148 nihil
225 4083 340 4156 attinet,
362 4103 431 4146 cum
453 4083 539 4146 lectio
561 4092 640 4145 certa
662 4083 701 4145 sit
721 4092 753 4145 et
773 4083 938 4166 perspicua.

230 4187 344 4249 Nomen
371 4187 449 4262 eius,
479 4187 527 4249 cui
553 4187 656 4249 titulus
683 4186 798 4268 positus
819 4190 891 4260 luit,
921 4206 989 4250 cum
1011 4185 1145 4269 perierit,
1167 4183 1325 4247 videndum
1347 4201 1420 4244 num
1442 4201 1478 4244 ex

117 4310 230 4354 rerum
258 4290 372 4353 indiciis
401 4309 476 4370 quae
497 4299 657 4370 supersunt
678 4290 713 4352 de
735 4309 770 4353 eo
792 4291 958 4354 coniectura
981 4289 1043 4372 capi
1065 4287 1168 4370 possit.
1212 4289 1290 4350 Sunt
1311 4296 1409 4349 autem
1431 4287 1479 4348 iu-

116 4395 203 4458 dicia
226 4401 367 4473 quattuor
386 4393 472 4454 haec:

229 4495 252 4556 l.
284 4497 313 4557 ls
335 4496 370 4557 de
391 4515 451 4576 quo
471 4495 567 4576 agitur
589 4504 705 4576 gentem
727 4497 874 4577 quandam
889 4498 920 4558 iu
935 4503 1110 4579 potestatem
1132 4493 1233 4577 populi
1246 4492 1371 4554 Romani
1392 4492 1479 4554 rede·

116 4601 177 4682 git,
204 4608 324 4680 propter
345 4618 418 4679 quas
438 4617 487 4661 res
509 4607 604 4680 gestas
627 4608 746 4663 senatus
768 4601 813 4663 his
835 4601 1061 4682 supplicationes
1075 4597 1165 4661 iudici
1180 4595 1273 4658 voluit
1286 4605 1316 4659 et
1330 4604 1478 4678 praeterea

116 4705 149 4768 ei
175 4703 231 4783 qui
253 4721 301 4765 eas
323 4712 453 4784 gesserat
473 4711 646 4767 ornamenta
668 4705 854 4788 triumphalia
876 4705 1012 4768 decrevit

1288 4803 1320 4856 ll
