3525 5417
288 336 351 400 140
892 330 940 397 VI,
962 332 1030 386 1-3

281 511 423 574 Evarrsius
445 512 477 591 (l.
493 531 518 573 c.
534 531 562 593 p.
582 512 653 588 159)
677 529 816 572 nummos
837 511 994 592 inscriptos
1010 511 1076 574 Tinc
1093 558 1100 572 .
1118 559 1125 572 .
1143 560 1150 574 .
1168 513 1207 588 .¹t
1233 513 1344 576 Comini
1362 513 1477 594 Mitius),
1502 523 1631 592 repertos

281 616 452 697 praesertim
479 616 511 677 in
541 615 659 695 regione
681 617 802 689 sussex,
833 624 989 696 potestque
1016 619 1138 678 15515555
1168 616 1283 679 6515561
1309 618 1340 678 15
1366 616 1460 699 155165
1481 618 1631 696 15555555

282 719 459 800 superfuisse
488 740 547 780 555
578 728 608 781 51
635 727 813 800 postremam
839 719 967 781 litteram
997 722 1117 781 tractam
1147 738 1245 782 errore
1271 738 1325 800 pro
1348 741 1370 780 ru
1392 728 1539 800 acceptam
1560 739 1631 781 esse.

283 824 338 885 Sed
361 823 391 885 in
414 822 557 884 eiusmodi
580 842 613 884 re
635 823 727 885 satius
749 831 794 886 est
815 823 961 886 abstinere
983 843 1000 886 a
1021 824 1207 886 coniecturis.

381 926 422 988 De
444 927 574 989 Maelone
596 927 639 989 515
662 928 767 989 Strabo
790 928 818 1001 7,
837 928 863 999 1,
880 928 899 987 4
915 947 944 1008 p.
960 927 1020 989 291
1045 927 1118 988 bella
1141 946 1280 989 enarrans
1295 919 1421 1006 Augusti
1442 935 1545 989 contra
1559 928 1632 989 Ger-

282 1049 398 1092 manos:
420 1028 557 1114 ἤρξαντο
581 1029 618 1092 δὲ
638 1031 696 1092 τοῦ
711 1026 858 1111 πολέμου
873 1026 1082 1113 Σούγαμβροι
1099 1029 1243 1112 πλησίον
1259 1029 1421 1104 οἰκοῦντες
1435 1030 1493 1092 τοῦ
1506 1025 1632 1113 Ῥήνου,

285 1132 428 1196 Μέλωνα
450 1131 577 1212 ἔχοντες
599 1129 741 1216 ἡγεμόνα
746 1161 758 1210 ,·
780 1133 850 1195 item
873 1153 903 1214 p.
919 1133 981 1195 292
1004 1133 1633 1216 555551151515555565555551516551555

280 1257 345 1298 esse
360 1237 551 1318 lleudorigem
568 1236 690 1298 Melonis
713 1237 811 1297 fratris
832 1236 926 1298 filium
943 1238 1149 1316 Sugambrum.
1186 1237 1399 1317 ASugambris
1421 1256 1488 1299 cam
1505 1237 1633 1318 Usipetis

281 1351 310 1402 et
333 1340 483 1402 Tencteris
504 1339 645 1401 Romanis
668 1339 745 1401 illata
768 1348 813 1400 est
834 1339 930 1400 clades
947 1339 1074 1402 Lolliaua
1096 1361 1121 1403 a.
1139 1342 1200 1404 738
1222 1341 1288 1420 (nio
1304 1343 1354 1410 54,
1371 1341 1427 1416 2ος
1454 1340 1580 1403 Velleius
1604 1342 1632 1412 2,

282 1446 338 1520 97;
356 1443 516 1506 Suetonius
530 1444 603 1524 Aug.
619 1443 688 1519 23);
710 1442 814 1504 651565
830 1462 930 1523 pacem
947 1447 1079 1506 iecerunt
1095 1445 1159 1515 (llio
1175 1447 1192 1507 1.
1209 1464 1251 1518 c.;
1273 1445 1371 1506 Horat
1386 1461 1474 1505 carm.
1492 1445 1520 1516 4,
1537 1443 1565 1519 2,
1583 1445 1634 1506 36.

285 1551 333 1624 14,
352 1551 389 1610 51
407 1547 505 1610 566115
519 1546 645 1608 Franlio
660 1549 725 1608 fast.
742 1547 812 1607 llor.
829 1565 857 1626 p.
873 1546 953 1621 2083
975 1547 1107 1628 Propert.
1124 1550 1152 1622 5,
1168 1549 1196 1622 6,
1213 1549 1277 1624 77),
1293 1548 1344 1610 556
1360 1566 1428 1610 curn
1444 1547 1635 1610 rebellassent

283 1652 401 1726 5742,
430 1651 566 1730 deinceps
595 1650 727 1712 5115555
756 1669 848 1731 eoque
877 1659 993 1712 mortuo
1019 1669 1035 1712 a
1058 1651 1174 1714 Tiberio
1196 1650 1403 1732 555515551511
1426 1649 1492 1728 (llio
1515 1652 1565 1725 54,
1582 1651 1633 1712 32.

284 1756 334 1818 33.
351 1756 404 1831 36)
428 1753 562 1817 debellati
583 1753 699 1815 tandem
723 1773 748 1814 a.
766 1753 826 1814 746
850 1753 916 1833 (Dio
933 1755 982 1827 55,
998 1755 1032 1828 6;
1055 1755 1171 1829 15112,
1189 1755 1243 1835 97)
1265 1764 1295 1816 51
1316 1754 1347 1815 15
1364 1754 1484 1816 Galliam
1509 1754 1636 1816 traducti

286 1868 364 1921 sunt.
409 1857 566 1919 Suetonius
580 1857 653 1936 Aug.
670 1855 728 1916 21:
750 1855 856 1918 Suebos
877 1867 903 1918 et
922 1855 1085 1937 Siqambras
1108 1858 1235 1921 dedentes
1255 1877 1284 1921 se
1306 1859 1440 1921 traducit
1461 1862 1492 1919 in
1510 1856 1635 1920 Galliam

282 1973 364 2042 atque
391 1966 423 2023 in
447 1964 590 2041 proutinis
616 1957 713 2022 libana
740 1963 817 2039 aqn's
843 1959 998 2022 collocavit.
1047 1961 1111 2023 Tib.
1134 1963 1154 2024 9
1186 1962 1265 2037 (inde
1295 1961 1417 2023 Orosius
1441 1962 1474 2036 6,
1498 1961 1552 2036 21,
1576 1962 1634 2036 24;

280 2065 440 2145 Eutropius
467 2066 495 2138 7,
513 2065 562 2144 9);
597 2063 765 2125 Gemanica
793 2063 892 2141 (bello)
922 2065 1113 2146 quadruplata
1141 2067 1222 2128 arilia
1251 2065 1444 2128 dediticiorum
1470 2068 1581 2128 traiecit
1602 2070 1634 2126 in

283 2168 407 2233 Galliam
428 2173 565 2250 15515555
586 2172 681 2248 ripam
695 2167 789 2230 libeni
806 2169 919 2230 sedibus
941 2167 1097 2248 adsignatis
1118 2168 1273 2232 collocavit.
1304 2168 1439 2230 Tiberius
1454 2167 1532 2249 apud
1546 2168 1633 2229 Taci-

283 2283 345 2334 tum
369 2291 437 2333 ann.
455 2272 484 2345 2,
501 2272 542 2334 26
559 2275 607 2348 (51.
629 2271 677 2345 12,
695 2272 749 2351 39)
776 2271 906 2332 scribens
929 2271 964 2332 ad
987 2271 1192 2333 Germanicum
1216 2292 1244 2334 se
1266 2277 1361 2334 novies
1383 2291 1401 2333 a
1423 2273 1488 2333 dioc
1511 2271 1634 2352 4555515

280 2381 313 2437 in
335 2374 518 2438 Germaniam
539 2380 656 2437 minnan
676 2376 765 2455 plura
786 2377 901 2436 consilio
922 2394 1008 2455 quarn
1030 2380 1061 2436 oi
1079 2377 1239 2456 perfecisse,
1261 2380 1299 2438 sic
1314 2375 1489 2455 anamiros
1508 2378 1540 2435 in
1555 2374 1634 2435 dedi-

280 2483 385 2541 tionem
411 2491 543 2560 acceptos.
588 2480 684 2540 Strab.
701 2480 730 2550 7,
753 2480 781 2552 1,
804 2480 822 2540 3
846 2499 875 2558 p.
892 2478 963 2540 290.
1002 2477 1075 2539 Vict.
1098 2479 1165 2559 epit.
1183 2481 1211 2551 1,
1227 2481 1255 2540 7.
1291 2478 1445 2540 Probabile
1471 2487 1517 2538 est
1543 2498 1634 2558 quam

280 2587 378 2662 lugam
401 2582 436 2645 ad
459 2603 490 2643 se
511 2582 587 2662 regis
609 2601 712 2644 eorum
735 2581 874 2644 Maelonis
889 2583 1038 2661 Augustus
1059 2583 1191 2663 appeMat,
1215 2601 1279 2644 eam
1301 2582 1338 2643 ab
1360 2581 1506 2644 deditione
1529 2601 1554 2644 5.
1572 2583 1633 2644 746

253 2709 258 2716 ·
280 2704 339 2748 555
363 2706 428 2748 5555
449 2686 603 2746 diversam.

380 2788 533 2850 Postremo
555 2789 618 2850 loco
640 2806 727 2868 quem
751 2787 872 2850 intrusit
887 2787 1026 2868 Bnrglrius
1042 2787 1253 2850 Maroboduum
1276 2789 1386 2850 abusus
1401 2788 1464 2850 loco
1481 2788 1636 2851 Strabonis

283 2893 311 2966 7,
330 2895 357 2966 1,
373 2892 391 2953 3
408 2913 436 2972 5.
452 2892 528 2967 290,
556 2910 624 2954 eum
652 2891 710 2953 iam
733 2891 852 2972 expellit
873 2891 959 2953 lectio
982 2893 1110 2972 expleta;
1133 2893 1233 2954 cadem
1256 2902 1354 2955 autem
1378 2893 1554 2954 monstravit
1575 2912 1636 2954 nou

283 2998 318 3059 65
341 2996 476 3076 pluribus
499 2995 680 3057 diversorum
703 2995 880 3076 populorum
904 2996 1021 3075 regibus
1044 2996 1091 3056 hic
1113 2996 1299 3074 cogitandum
1322 3015 1396 3070 5555,
1420 3005 1454 3057 51
1475 2996 1636 3075 cogitaram

282 3120 351 3179 ego,
381 3100 431 3161 556
455 3117 548 3161 unum
570 3098 696 3178 intellegi
719 3118 817 3178 regem
841 3085 1095 3160 Marcomanorum
1119 3098 1294 3160 Sueborum.
1340 3098 1505 3161 Sueborum
1529 3109 1636 3161 notum

281 3213 326 3265 551
349 3222 407 3264 555
429 3223 518 3265 unam
542 3213 656 3282 gentem
681 3202 780 3275 151555,
802 3202 852 3263 556
875 3202 1000 3283 55555115
1016 3201 1183 3263 nationibus
1199 3202 1427 3284 nominibusque
1442 3222 1493 3264 eos
1508 3202 1638 3264 discerni

282 3307 381 3386 (rerba
404 3315 475 3367 sunt
495 3305 587 3368 Taciti
609 3307 706 3368 Germ.
723 3305 786 3385 38),
809 3306 938 3384 itemque
961 3305 1163 3366 Marcomanos
1189 3305 1280 3366 151555
1310 3325 1344 3366 ex
1375 3304 1481 3367 Suebis
1504 3305 1638 3378 (Tacitus

282 3430 349 3472 ann.
376 3412 409 3483 1,
431 3411 479 3470 44.
510 3409 539 3483 2,
554 3408 596 3487 62
619 3409 677 3485 51).
721 3408 817 3470 Nihilo
848 3407 945 3469 minus
968 3407 1076 3470 mirum
1099 3417 1145 3470 551
1166 3408 1222 3469 boc
1244 3407 1418 3470 vocabulum
1440 3407 1528 3481 adici,
1558 3417 1639 3469 tam-

281 3533 369 3594 qnam
402 3513 432 3573 in
465 3514 572 3594 populo
604 3513 760 3574 notissimo
794 3512 1036 3574 determinatione
1068 3511 1163 3592 aliqua
1192 3531 1266 3592 opus
1294 3519 1371 3572 essct
1400 3512 1445 3573 rel
1472 3511 1508 3572 ab
1537 3529 1638 3572 errore

281 3613 452 3680 cavendum.
508 3617 564 3678 Sed
594 3615 643 3678 nbi
673 3616 777 3678 scribis
804 3615 971 3695 Suebisque,
1005 3616 1068 3678 ride
1095 3635 1132 3676 ne
1161 3616 1190 3677 in
1226 3615 1410 3677 difficultates
1437 3614 1548 3676 incidas
1575 3633 1639 3675 non

283 3722 378 3782 solum
402 3721 562 3800 graviores,
585 3719 636 3780 sed
659 3720 743 3799 plane
765 3718 986 3799 insuperabiles.
1024 3718 1066 3779 ild
1089 3718 1165 3798 regis
1188 3737 1296 3780 nomen
1319 3719 1397 3798 quod
1420 3719 1533 3791 attinet,
1556 3718 1640 3797 quod

281 3832 396 3886 constet
422 3822 526 3884 litteris
549 3821 659 3884 Latinis
682 3843 707 3883 a.
722 3841 786 3895 mu,
815 3821 932 3883 Graecis
954 3840 979 3882 c.
995 3839 1038 3892 nr,
1067 3822 1149 3882 finiat
1175 3821 1205 3883 iu
1232 3841 1297 3896 rus,
1327 3821 1561 3883 MueMcuboffius
1584 3821 1640 3882 ad-

282 3925 399 3988 monuit
437 3925 491 3987 loci
525 3924 617 3986 Taciti
650 3925 747 3987 Germ.
779 3923 836 3985 42:
878 3923 1071 3986 Marcomanis
1105 3924 1268 4006 Quadisque
1304 3943 1392 4004 55555
1429 3924 1467 3986 56
1507 3933 1640 3986 neuram

281 4034 448 4093 memoriam
468 4046 547 4108 rsqes
569 4039 735 4089 manarunt
756 4048 793 4090 55
812 4038 893 4108 qanta
915 4033 1050 4107 ipsorum,
1074 4029 1167 4091 nobile
1190 4027 1359 4089 Marobodui
1378 4039 1405 4090 et
1429 4027 1520 4090 Tudri
1537 4047 1639 4109 qsnas.

283 4134 340 4195 Sed
367 4131 521 4194 admonuit
545 4130 615 4192 item
645 4131 775 4192 Tudrum
804 4131 885 4193 hunc
912 4131 1047 4204 Quadam
1078 4131 1168 4193 151555
1194 4150 1291 4212 neque
1319 4132 1395 4212 apud
1423 4140 1554 4194 vetustos
1582 4151 1640 4192 55-

282 4245 377 4298 515555
399 4236 598 4297 Marcomanos
616 4234 792 4313 Quadosque
813 4234 962 4296 55515561.
1000 4235 1059 4297 1155
1081 4254 1223 4298 numerus
1245 4235 1407 4297 litterarum
1432 4234 1457 4296 is
1479 4244 1525 4296 cst
1546 4253 1637 4314 quem

281 4340 355 4420 lapis
377 4338 508 4419 requirit.

384 4516 405 4576 ι)
423 4512 518 4564 Nomen
542 4512 708 4579 perscriptam
733 4511 825 4561 555551
847 4527 896 4560 non
915 4513 1091 4578 suppeditsut3
1111 4527 1167 4562 5555
1185 4523 1343 4576 τΙΝΕοΜ,
1362 4512 1427 4576 quod
1445 4511 1471 4561 in
1490 4510 1640 4577 quibusdam

284 4597 430 4658 invonitur,
452 4597 483 4645 ad
509 4596 658 4647 vocabulum
677 4595 827 4661 explendum
845 4596 891 4644 rix
908 4603 977 4646 rectc
994 4595 1141 4656 adhibetur,
1165 4609 1220 4643 cum
1238 4594 1318 4656 magis
1336 4594 1371 4642 sit
1389 4589 1486 4642 Tin...
1507 4591 1638 4643 Com...

283 4683 331 4733 lilii
354 4682 478 4732 55556515
503 4683 611 4746 omisso,
635 4690 661 4733 et
679 4683 776 4733 1555515
798 4683 928 4732 admodum
947 4683 1094 4732 coniectura
1113 4680 1239 4730 livansius
1257 4680 1287 4729 56
1306 4680 1410 4729 cundem
1429 4694 1513 4742 ragam
1532 4679 1639 4729 rettulit

283 4783 407 4818 nummum
426 4769 576 4834 inscriptum
589 4805 595 4818 .
608 4806 615 4818 .
629 4804 636 4818 .
650 4806 656 4819 .
670 4772 772 4833 mmios,
790 4784 877 4820 nomeu
897 4784 929 4820 sx
948 4776 1053 4834 utraque
1071 4766 1183 4818 lectione
1201 4763 1313 4816 alliciens
1334 4762 1515 4816 Tincontmias.
