3525 5417
679 323 687 338 “
745 327 778 393 V,
801 328 904 382 18-23
1366 367 1370 374 -
1432 331 1493 393 105

144 509 336 588 [Cmrbrorum
361 511 622 590 promunturiulm,
650 509 700 570 sed
727 507 792 589 ipse
816 507 987 587 improbans
1015 516 1135 587 propter
1158 507 1244 587 spatii
1265 509 1429 587 angustias,
1458 508 1495 570 ad

146 617 275 692 {memma
308 613 454 690 Seoomlm
486 613 536 693 (el.
559 612 670 674 Plinius
700 614 734 684 4,
764 611 817 686 13,
841 611 895 688 96)
931 609 1089 689 Hauptius‚
1126 612 1165 673 ad
1198 612 1301 687 [siarum
1336 610 1495 688 Codannlm

145 718 293 796 Berglrius‚
317 737 383 778 eum
407 717 442 778 de
464 735 496 776 re
518 735 555 777 ne
578 714 641 777 tum
665 715 783 794 quidem
806 713 933 775 dubitari
956 722 1063 793 posset.

240 818 395 880 Pertinent
420 819 493 879 haee
518 820 553 879 ad
583 819 797 898 expeditionem
825 817 1027 879 Germanicam
1059 817 1102 877 Ti.
1126 817 1257 879 Caesaris
1284 839 1308 879 a.
1332 839 1359 879 u.
1382 839 1406 880 e.
1423 819 1494 880 758.

144 922 263 994 111111,
288 922 362 983 106;
390 921 502 992 aleses,
532 942 603 1002 qaae
629 926 730 985 oceani
755 923 1046 1000 emonmnavigaveret
1072 925 1169 993 stares,
1197 922 1233 982 ab
1262 923 1387 984 inaudito
1413 935 1495 1003 atque

143 1032 279 1106 incognito
301 1037 366 1086 ante
388 1029 465 1087 mart
483 1026 604 1104 flamine
626 1026 691 1086 Albi
710 1025 841 1086 mboeeto
864 1029 1003 1086 exerebat
1018 1023 1188 1104 Caesarique
1203 1043 1230 1085 se
1245 1031 1348 1086 tuamet.
1382 1025 1494 1086 Plinius

144 1130 170 1189 h.
186 1148 215 1189 n.
232 1128 261 1201 2,
285 1129 336 1200 67,
361 1130 434 1191 167:
457 1129 682 1209 septentrionalis
705 1147 827 1190 oceanas
849 1133 957 1190 maiore
979 1147 1016 1189 en
1034 1139 1118 1208 parte
1141 1133 1289 1208 rmor'gmns
1310 1140 1350 1191 est
1365 1134 1496 1209 auspiciis

144 1235 201 1292 dr'm'
225 1233 358 1312 Armati,
388 1231 571 1294 Germaniam
601 1233 688 1294 elassa
717 1237 904 1295 circumvecta
934 1233 970 1292 ad
1000 1231 1183 1294 Cimbrorum
1208 1238 1441 1314 promuntunum
1470 1245 1496 1294 et

142 1337 206 1396 hade
231 1341 366 1396 marano
392 1342 470 1398 mort
491 1349 637 1416 prospecto
665 1348 716 1397 aret
736 1338 819 1414 fama
841 1340 950 1416 repetito
973 1335 1133 1413 Scytbicum
1155 1335 1193 1396 ed
1212 1336 1326 1414 plagam
1350 1347 1376 1396 et
1397 1353 1495 1398 armore

142 1444 227 1500 nimio
248 1444 378 1519 egeam.
416 1440 603 1502 Cimbrorum
626 1441 662 1500 ad
678 1440 844 1518 Augustum
868 1437 1042 1516 legationem
1068 1438 1160 1518 tangit
1181 1438 1267 1498 etiam
1286 1439 1390 1498 Strabo
1414 1441 1442 1511 7,
1466 1439 1495 1510 2,

144 1547 156 1603 1
175 1562 203 1623 p.
221 1542 296 1605 293:
320 1543 495 1625 (Κίμβροι)
519 1540 677 1626 ἔπεμψαν
699 1542 745 1624 τῷ
760 1541 916 1621 Σεβαστῷ
939 1539 1045 1622 δῶρον
1067 1534 1125 1604 τᾶν
1148 1537 1322 1621 ἱερώτατον
1338 1540 1421 1624 παρ’
1437 1537 1495 1602 αι’·-

140 1657 210 1719 τοῖς
232 1643 364 1728 λέβητα,
386 1643 579 1729 αἰτούμενοι
605 1645 722 1729 ιριλίαν
743 1639 799 1706 καὶ
822 1641 1004 1726 ἀμνηστίαν
1018 1645 1080 1706 τῶν
1096 1640 1325 1726 ὑπηργμένων·
1348 1641 1496 1722 τυχόντες

142 1748 178 1811 δὲ
206 1741 250 1812 ὧν
276 1742 391 1832 ἠξίουν
413 1745 555 1832 ἀπῆραν.
598 1749 656 1811 Eos
678 1749 816 1828 degentes
838 1748 1001 1809 seeundum
1023 1748 1225 1809 Ptolemaeum
1249 1748 1291 1828 (2,
1317 1751 1365 1821 11,
1391 1748 1495 1822 12)111

141 1862 271 1914 exhema
292 1852 434 1914 lutlandia
458 1873 556 1914 errore
578 1853 683 1914 Strabo
706 1855 748 1932 (7,
767 1855 794 1923 1,
810 1853 829 1913 3
846 1873 874 1931 p.
891 1851 969 1926 2913
992 1853 1021 1924 7,
1045 1851 1073 1925 2,
1097 1853 1116 1912 4
1132 1872 1160 1932 [1.
1177 1851 1251 1930 294)
1267 1852 1345 1912 iuter
1359 1853 1495 1914 Rhenum

140 1967 170 2018 et
191 1957 287 2018 Albim
316 1957 438 2018 eoboeat
461 1957 510 2030 (et.
534 1957 624 2018 Zeuss
647 1977 675 2036 p.
694 1958 781 2034 145),
809 1956 949 2037 deeeptus
976 1955 1080 2035 opinor
1103 1975 1151 2026 eo,
1182 1955 1259 2034 quod
1282 1976 1341 2035 qno
1365 1966 1496 2037 tempore

140 2061 251 2122 Cimbri
281 2059 439 2121 amicitiam
468 2061 569 2141 populi
592 2061 716 2122 Romani
744 2060 909 2140 petierunt,
940 2058 1084 2120 exereitus
1107 2059 1258 2120 Romanus
1281 2060 1376 2120 Albim
1401 2071 1496 2122 trans-

140 2183 258 2243 gressus
281 2183 341 2225 non
362 2174 423 2238 est;
446 2167 524 2226 unde
547 2166 687 2244 populum
712 2165 792 2224 hune
814 2163 892 2224 sieut
913 2163 985 2224 alios
1008 2163 1109 2224 eodem
1134 2173 1265 2242 tempore
1288 2164 1323 2224 ad
1339 2164 1494 2226 amicitiam

139 2288 168 2346 p.
184 2267 219 2327 R.
241 2267 394 2328 adiunctos
422 2268 546 2328 eredidit
567 2289 632 2328 esse
655 2287 670 2327 a
694 2267 811 2327 sinistra
834 2266 916 2327 lluvii
939 2266 1028 2327 Albis.
1072 2268 1109 2327 At
1131 2277 1161 2327 et
1183 2251 1277 2346 tetigit
1299 2286 1380 2328 oram
1404 2268 1496 2346 magis

140 2370 396 2450 septentrionalem
421 2371 451 2430 in
474 2391 507 2431 ea
530 2369 712 2451 expeditione
734 2370 834 2431 elassis
850 2370 982 2430 Romana
1005 2379 1034 2430 et
1055 2389 1090 2430 ex
1111 2369 1176 2449 ipso
1193 2381 1385 2432 mormmento
1401 2373 1496 2451 Aney-

138 2494 212 2535 rano
238 2474 385 2553 colligitur
411 2475 502 2534 luisse
529 2473 662 2534 Cimbros
695 2483 775 2534 trans
798 2473 912 2545 Albim3
941 2493 1007 2533 nam
1031 2475 1205 2552 populorum
1230 2474 1306 2534 intra
1329 2474 1402 2534 sines
1424 2494 1496 2534 eorr-

138 2578 311 2639 stitutorum
340 2577 498 2655 legationes
521 2576 601 2637 nullo
625 2579 688 2637 loeo
709 2576 748 2637 ibi
765 2586 966 2637 urernurantur
981 2595 1035 2636 nee
1051 2577 1207 2637 mernorari
1223 2577 1397 2649 debuerunt,
1420 2578 1498 2637 liniri

137 2689 238 2740 autem
265 2678 422 2759 imperinm
452 2681 616 2742 llonranum
645 2701 676 2740 ea
704 2689 798 2740 aetate
819 2679 884 2740 Albi
912 2679 1000 2741 llario
1023 2681 1110 2740 inodo
1132 2681 1173 2759 (p.
1200 2681 1271 2759 103)
1296 2680 1431 2741 vidimus.
1455 2716 1496 2723 -

137 2783 289 2843 Charudes
317 2784 404 2861 (quos
430 2785 633 2862 quadratarins
656 2784 827 2864 Aneyramrs
850 2784 996 2863 Charydes
1019 2784 1111 2862 magis
1133 2805 1197 2843 esse
1220 2784 1324 2857 voluit,
1353 2783 1496 2862 interpres

137 2887 212 2946 adeo
235 2887 360 2946 Craeeae
389 2887 575 2948 talitrlationis
599 2887 674 2946 male
703 2906 817 2948 memor
839 2888 869 2947 in
893 2887 1034 2967 Clralpbes
1056 2887 1289 2966 transformavit)
1311 2887 1497 2948 Ptolemaeus

31 3043 35 3048 .
137 2991 182 3063 (2,
207 2991 256 3061 11,
282 2989 334 3066 12)
361 2991 483 3051 eolloeat
511 2991 540 3050 in
557 2992 667 3050 <eadem
699 2990 868 3069 paeninsula
897 2989 952 3050 sub
975 2989 1115 3062 Cimbris3
1143 3001 1291 3069 praeterea
1315 3011 1373 3051 nun
1398 2991 1496 3051 11ο1111-

137 3102 256 3164 nantem,
280 3092 338 3153 nisi
360 3095 437 3171 qrrod
461 3095 538 3154 inter
560 3095 685 3174 populos
708 3092 853 3154 exereitus
869 3092 1006 3153 Ariovisti
1030 3101 1188 3153 occurrunt
1211 3093 1343 3154 llarudes
1359 3095 1451 3165 (Caes.
1468 3094 1495 3154 h.

136 3196 210 3256 Gall.
230 3198 257 3255 1.
279 3197 329 3256 31.
351 3197 400 3257 37.
423 3199 481 3271 51;
507 3201 544 3257 el.
566 3197 657 3257 Zeuss
687 3217 716 3275 p.
740 3195 823 3269 152.)
850 3231 891 3239 -
921 3196 1082 3256 Semnones
1110 3206 1213 3256 notum
1242 3207 1287 3258 est
1311 3197 1397 3256 luisse
1421 3197 1497 3257 inter

136 3299 235 3359 Albim
259 3308 289 3360 et
310 3299 449 3361 Viadrum
473 3302 523 3379 (el.
546 3301 636 3361 Zeuss
659 3322 687 3381 p.
710 3299 769 3360 130
782 3299 849 3378 111.)
947 3335 951 3344 ·

162 3507 360 3580 111.5,1111
387 3506 450 3566 bleo
473 3507 555 3567 iussh
578 3517 608 3568 et
634 3505 763 3585 auspicio
791 3506 870 3566 dueti
902 3515 972 3566 sunt
998 3503 1003 3587 Ι
1029 3505 1104 3584 [daeo]
1133 3507 1277 3568 exercitiis
1304 3507 1406 3567 eddem
1436 3502 1497 3570 l'ere

326 3629 354 3671 1ο
384 3621 516 3689 ternpore
538 3611 568 3670 in
583 3609 766 3689 Aethiopiam
789 3619 819 3670 et
841 3610 871 3669 in
887 3609 1055 3687 Arlalbiarn,
1078 3631 1153 3689 quae
1175 3609 1366 3690 appellllatnr]
1388 3612 1496 3672 eudae-

327 3733 351 3774 11
383 3715 462 3786 inan,
492 3716 711 3792 [trauainalaeque
742 3713 892 3792 tresppum
917 3714 1011 3790 gentis
1036 3715 1206 3793 utiliulsque
1229 3718 1348 3794 nuptiae]
1373 3717 1496 3793 luaesae

380 3827 451 3878 sunt
478 3819 507 3877 in
530 3819 589 3878 anie
612 3826 641 3877 et
665 3818 854 3895 [clairalphtrla
877 3817 983 3896 oppida
1005 3826 1096 3896 rapta.
1140 3818 1173 3876 ln
1196 3817 1379 3897 Aethiopiam
1404 3838 1496 3898 usque

327 3939 353 3982 11
381 3921 417 3981 ad
439 3922 585 4002 uppiffdnnr
610 3921 719 3981 Nabata
742 3921 933 4001 pertentium]
957 3929 1011 3994 est,
1035 3921 1081 3981 eui
1105 3920 1237 4000 proxima
1260 3932 1304 3982 est
1320 3921 1426 3980 Meroe.
1463 3922 1496 3982 ln

329 4042 355 4085 aa
384 4023 517 4085 Arabiam
549 4022 670 4107 usque!
699 4026 728 4084 ln
760 4024 836 4085 lines
864 4021 1042 4086 Sabaeorum
1071 4025 1230 4106 proleesslit
1263 4025 1427 4100 exterele'tlas
1460 4025 1497 4086 ad

386 4126 525 4206 oppidum
550 4127 667 4188 blariha.
691 4127 733 4207 §l

160 4229 271 4301 (11.14,
289 4249 312 4289 tr
330 4248 356 4291 te
378 4224 459 4316 Ἐμῇ
481 4228 622 4318 ἓπιταγῇ
645 4230 700 4292 καὶ
724 4230 856 4303 οίωνοῖς
888 4229 1021 4308 αἰσί(οις
1051 4228 1111 4294 δύο
1140 4227 1366 4314 στρατεύματα
1393 4229 1495 4314 ἐπέβη

328 4351 355 4392 te
386 4335 567 4411 Αἰθιοπίᾳ
595 4333 650 4395 καὶ
674 4328 815 4414 ’Λραβίᾳ
839 4333 843 4414 l
868 4335 907 4421 τῇ
934 4325 1109 4416 εὐδαίμονι
1140 4332 1323 4419 καλουμένῃ
1351 4331 1496 4418 μεγάλας

325 4453 354 4497 1ο
380 4457 414 4496 τε
442 4436 506 4500 τῶν
533 4434 714 4517 πολεμίων
741 4435 898 4519 δυνάμεις
927 4427 1109 4520 κατέκοψα1
1137 4436 1172 4501 ἐν
1202 4436 1383 4523 παρατάξει
1417 4439 1496 4524 καὶ(

279 4557 308 4601 11
326 4555 353 4600 rt
381 4537 540 4612 πλείστας
556 4537 671 4612 πόλεις
686 4539 909 4624 δοριαλώτους
922 4539 1039 4622 ἔλαβεν
1049 4541 1105 4603 καὶ
1118 4545 1253 4626 προξέβη
1267 4540 1302 4606 ἐν
1318 4543 1497 4623 Αἰθιοπίᾳ

324 4661 352 4704 11
380 4644 475 4723 μέχρι
509 4640 638 4716 πόλεως
670 4639 841 4726 Ναβάτης,
875 4639 947 4729 ἥτις
977 4645 981 4725 l
1012 4643 1102 4707 ἐστὶν
1126 4642 1259 4722 ε”νγιστα
1285 4643 1397 4730 Μερόη
1422 4648 1495 4728 (sio),

324 4763 351 4806 11
379 4743 414 4808 ἐν
432 4739 571 4827 Ἀραβίᾳ
594 4744 631 4808 δὲ
652 4743 747 4829 μέχρι
771 4741 907 4825 medelas
933 4749 1101 4830 illepidae.
