<?xml version="1.0" encoding="UTF-8"?>
<!DOCTYPE html PUBLIC "-//W3C//DTD XHTML 1.0 Transitional//EN"
    "http://www.w3.org/TR/xhtml1/DTD/xhtml1-transitional.dtd">
<html xmlns="http://www.w3.org/1999/xhtml" xml:lang="en" lang="en">
 <head>
  <title>
</title>
<meta http-equiv="Content-Type" content="text/html;charset=utf-8" />
  <meta name='ocr-system' content='tesseract 3.04.00' />
  <meta name='ocr-capabilities' content='ocr_page ocr_carea ocr_par ocr_line ocrx_word'/>
</head>
<body>
  <div class='ocr_page' id='page_1' title='image "./resgestaediviau00mommgoog_0196.png"; bbox 0 0 3525 5417; ppageno 0'>
   <div class='ocr_carea' id='block_1_1' title="bbox 192 334 944 404">
    <p class='ocr_par' dir='ltr' id='par_1_1' title="bbox 192 334 944 404">
     <span class='ocr_line' id='line_1_1' title="bbox 192 334 944 404; baseline -0.012 -5"><span class='ocrx_word' id='word_1_1' title='bbox 192 337 235 399; x_wconf 80' lang='lat'><strong>92</strong></span> <span class='ocrx_word' id='word_1_2' title='bbox 789 334 839 404; x_wconf 79' lang='lat' dir='ltr'><strong>IV,</strong></span> <span class='ocrx_word' id='word_1_3' title='bbox 857 336 892 391; x_wconf 82' lang='grc'><strong>36</strong></span> <span class='ocrx_word' id='word_1_4' title='bbox 911 337 944 392; x_wconf 78' lang='grc'><strong>37</strong></span> 
     </span>
    </p>
   </div>
   <div class='ocr_carea' id='block_1_2' title="bbox 190 513 1569 2668">
    <p class='ocr_par' dir='ltr' id='par_1_2' title="bbox 190 513 1569 2668">
     <span class='ocr_line' id='line_1_2' title="bbox 191 513 1547 596; baseline 0.002 -20"><span class='ocrx_word' id='word_1_5' title='bbox 191 513 293 587; x_wconf 90' lang='lat' dir='ltr'><strong>diana,</strong></span> <span class='ocrx_word' id='word_1_6' title='bbox 321 513 379 576; x_wconf 90' lang='lat' dir='ltr'><strong>nisi</strong></span> <span class='ocrx_word' id='word_1_7' title='bbox 399 513 478 595; x_wconf 88' lang='lat' dir='ltr'><strong>quod</strong></span> <span class='ocrx_word' id='word_1_8' title='bbox 500 513 531 575; x_wconf 93' lang='lat' dir='ltr'><strong>in</strong></span> <span class='ocrx_word' id='word_1_9' title='bbox 553 514 600 576; x_wconf 92' lang='lat' dir='ltr'><strong>his</strong></span> <span class='ocrx_word' id='word_1_10' title='bbox 621 517 735 596; x_wconf 84' lang='lat' dir='ltr'><strong>imperii</strong></span> <span class='ocrx_word' id='word_1_11' title='bbox 754 514 944 578; x_wconf 88' lang='lat' dir='ltr'><strong>scribendum</strong></span> <span class='ocrx_word' id='word_1_12' title='bbox 967 524 1026 590; x_wconf 82' lang='lat' dir='ltr'><strong>est3</strong></span> <span class='ocrx_word' id='word_1_13' title='bbox 1053 533 1122 578; x_wconf 92' lang='lat' dir='ltr'><strong>nam</strong></span> <span class='ocrx_word' id='word_1_14' title='bbox 1145 516 1223 578; x_wconf 90' lang='lat' dir='ltr'><strong>iuter</strong></span> <span class='ocrx_word' id='word_1_15' title='bbox 1244 535 1260 577; x_wconf 85' lang='lat' dir='ltr'><strong>s</strong></span> <span class='ocrx_word' id='word_1_16' title='bbox 1281 520 1344 578; x_wconf 89' lang='lat' dir='ltr'><strong>etl</strong></span> <span class='ocrx_word' id='word_1_17' title='bbox 1366 516 1463 579; x_wconf 78' lang='lat' dir='ltr'><strong>hiatus</strong></span> <span class='ocrx_word' id='word_1_18' title='bbox 1486 535 1547 579; x_wconf 93' lang='lat' dir='ltr'><strong>una</strong></span> 
     </span>
     <span class='ocr_line' id='line_1_3' title="bbox 190 617 1549 700; baseline 0.002 -20"><span class='ocrx_word' id='word_1_19' title='bbox 190 618 287 680; x_wconf 88' lang='lat' dir='ltr'><strong>littera</strong></span> <span class='ocrx_word' id='word_1_20' title='bbox 310 635 370 679; x_wconf 91' lang='lat' dir='ltr'><strong>non</strong></span> <span class='ocrx_word' id='word_1_21' title='bbox 391 617 462 679; x_wconf 90' lang='lat' dir='ltr'><strong>satis</strong></span> <span class='ocrx_word' id='word_1_22' title='bbox 484 617 626 700; x_wconf 80' lang='lat' dir='ltr'><strong>expletur.</strong></span> <span class='ocrx_word' id='word_1_23' title='bbox 663 617 723 679; x_wconf 92' lang='lat' dir='ltr'><strong>Nec</strong></span> <span class='ocrx_word' id='word_1_24' title='bbox 744 636 921 700; x_wconf 77' lang='lat' dir='ltr'>magnopere</span> <span class='ocrx_word' id='word_1_25' title='bbox 943 617 1065 680; x_wconf 84' lang='lat' dir='ltr'><strong>offendit</strong></span> <span class='ocrx_word' id='word_1_26' title='bbox 1086 619 1237 699; x_wconf 80' lang='lat' dir='ltr'><strong>genetivus</strong></span> <span class='ocrx_word' id='word_1_27' title='bbox 1259 618 1415 700; x_wconf 88' lang='lat' dir='ltr'><strong>singularis</strong></span> <span class='ocrx_word' id='word_1_28' title='bbox 1437 639 1549 683; x_wconf 90' lang='lat' dir='ltr'><strong>secun·</strong></span> 
     </span>
     <span class='ocr_line' id='line_1_4' title="bbox 192 720 1548 798; baseline 0.001 -14"><span class='ocrx_word' id='word_1_29' title='bbox 192 723 245 784; x_wconf 91' lang='lat' dir='ltr'><strong>dae</strong></span> <span class='ocrx_word' id='word_1_30' title='bbox 278 720 479 783; x_wconf 79' lang='lat' dir='ltr'><strong>declinationis</strong></span> <span class='ocrx_word' id='word_1_31' title='bbox 510 720 550 782; x_wconf 93' lang='lat' dir='ltr'><strong>ita</strong></span> <span class='ocrx_word' id='word_1_32' title='bbox 582 722 639 783; x_wconf 92' lang='lat' dir='ltr'><strong>boc</strong></span> <span class='ocrx_word' id='word_1_33' title='bbox 671 720 733 783; x_wconf 91' lang='lat' dir='ltr'><strong>solo</strong></span> <span class='ocrx_word' id='word_1_34' title='bbox 765 721 842 786; x_wconf 74' lang='lat' dir='ltr'><strong>loco.</strong></span> <span class='ocrx_word' id='word_1_35' title='bbox 862 723 893 783; x_wconf 92' lang='lat' dir='ltr'><strong>in</strong></span> <span class='ocrx_word' id='word_1_36' title='bbox 926 725 965 784; x_wconf 81' lang='lat' dir='ltr'><strong>-is‘</strong></span> <span class='ocrx_word' id='word_1_37' title='bbox 988 721 1109 798; x_wconf 87' lang='lat' dir='ltr'><strong>liniens,</strong></span> <span class='ocrx_word' id='word_1_38' title='bbox 1144 741 1213 785; x_wconf 90' lang='lat' dir='ltr'><strong>cnm</strong></span> <span class='ocrx_word' id='word_1_39' title='bbox 1240 731 1355 785; x_wconf 89' lang='lat' dir='ltr'><strong>constet</strong></span> <span class='ocrx_word' id='word_1_40' title='bbox 1386 743 1420 786; x_wconf 90' lang='lat' dir='ltr'><strong>ea</strong></span> <span class='ocrx_word' id='word_1_41' title='bbox 1452 733 1548 785; x_wconf 88' lang='lat' dir='ltr'><strong>aetate</strong></span> 
     </span>
     <span class='ocr_line' id='line_1_5' title="bbox 192 824 1550 910; baseline 0.001 -23"><span class='ocrx_word' id='word_1_42' title='bbox 192 833 347 904; x_wconf 89' lang='lat' dir='ltr'><strong>utramque</strong></span> <span class='ocrx_word' id='word_1_43' title='bbox 378 825 615 906; x_wconf 74' lang='lat' dir='ltr'><strong>orthographiam</strong></span> <span class='ocrx_word' id='word_1_44' title='bbox 650 825 682 887; x_wconf 89' lang='lat' dir='ltr'><strong>in</strong></span> <span class='ocrx_word' id='word_1_45' title='bbox 715 843 773 886; x_wconf 91' lang='lat' dir='ltr'><strong>usu</strong></span> <span class='ocrx_word' id='word_1_46' title='bbox 801 824 893 887; x_wconf 84' lang='lat' dir='ltr'><strong>luisse</strong></span> <span class='ocrx_word' id='word_1_47' title='bbox 928 835 958 887; x_wconf 89' lang='lat' dir='ltr'><strong>et</strong></span> <span class='ocrx_word' id='word_1_48' title='bbox 986 825 1074 888; x_wconf 87' lang='lat' dir='ltr'><strong>etiam</strong></span> <span class='ocrx_word' id='word_1_49' title='bbox 1102 826 1133 888; x_wconf 92' lang='lat' dir='ltr'><strong>in</strong></span> <span class='ocrx_word' id='word_1_50' title='bbox 1159 827 1290 889; x_wconf 83' lang='lat' dir='ltr'><strong>ablativis</strong></span> <span class='ocrx_word' id='word_1_51' title='bbox 1318 827 1438 910; x_wconf 91' lang='lat' dir='ltr'><strong>pluralis</strong></span> <span class='ocrx_word' id='word_1_52' title='bbox 1466 827 1550 888; x_wconf 87' lang='lat' dir='ltr'><strong>eius-</strong></span> 
     </span>
     <span class='ocr_line' id='line_1_6' title="bbox 192 927 1550 1012; baseline 0 -22"><span class='ocrx_word' id='word_1_53' title='bbox 192 928 258 990; x_wconf 91' lang='lat' dir='ltr'><strong>dem</strong></span> <span class='ocrx_word' id='word_1_54' title='bbox 286 927 488 990; x_wconf 76' lang='lat' dir='ltr'><strong>declinationis</strong></span> <span class='ocrx_word' id='word_1_55' title='bbox 517 947 572 1009; x_wconf 94' lang='lat' dir='ltr'><strong>pro</strong></span> <span class='ocrx_word' id='word_1_56' title='bbox 601 929 687 991; x_wconf 92' lang='lat' dir='ltr'><strong>solito</strong></span> <span class='ocrx_word' id='word_1_57' title='bbox 715 932 756 992; x_wconf 83' lang='lat' dir='ltr'><strong>-s&#39;s</strong></span> <span class='ocrx_word' id='word_1_58' title='bbox 788 937 834 990; x_wconf 88' lang='lat' dir='ltr'><strong>ter</strong></span> <span class='ocrx_word' id='word_1_59' title='bbox 865 937 1004 1009; x_wconf 86' lang='lat' dir='ltr'><strong>quaterve</strong></span> <span class='ocrx_word' id='word_1_60' title='bbox 1036 929 1199 1011; x_wconf 83' lang='lat' dir='ltr'><strong>reperiatur</strong></span> <span class='ocrx_word' id='word_1_61' title='bbox 1231 935 1291 992; x_wconf 80' lang='lat' dir='ltr'><strong>-a&#39;is</strong></span> <span class='ocrx_word' id='word_1_62' title='bbox 1336 929 1550 1012; x_wconf 91' lang='lat' dir='ltr'><strong>Supplementa</strong></span> 
     </span>
     <span class='ocr_line' id='line_1_7' title="bbox 191 1031 1550 1113; baseline 0 -19"><span class='ocrx_word' id='word_1_63' title='bbox 191 1042 289 1094; x_wconf 90' lang='lat' dir='ltr'><strong>autem</strong></span> <span class='ocrx_word' id='word_1_64' title='bbox 316 1031 445 1113; x_wconf 90' lang='lat' dir='ltr'><strong>pendent</strong></span> <span class='ocrx_word' id='word_1_65' title='bbox 474 1051 490 1092; x_wconf 94' lang='lat' dir='ltr'><strong>a</strong></span> <span class='ocrx_word' id='word_1_66' title='bbox 517 1033 701 1112; x_wconf 81' lang='lat' dir='ltr'><strong>quaestione,</strong></span> <span class='ocrx_word' id='word_1_67' title='bbox 729 1052 788 1113; x_wconf 90' lang='lat' dir='ltr'><strong>quo</strong></span> <span class='ocrx_word' id='word_1_68' title='bbox 814 1033 879 1095; x_wconf 92' lang='lat' dir='ltr'><strong>iure</strong></span> <span class='ocrx_word' id='word_1_69' title='bbox 904 1032 992 1095; x_wconf 89' lang='lat' dir='ltr'><strong>editio</strong></span> <span class='ocrx_word' id='word_1_70' title='bbox 1014 1034 1151 1096; x_wconf 91' lang='lat' dir='ltr'><strong>ludorum</strong></span> <span class='ocrx_word' id='word_1_71' title='bbox 1175 1035 1367 1097; x_wconf 90' lang='lat' dir='ltr'><strong>saecularium</strong></span> <span class='ocrx_word' id='word_1_72' title='bbox 1395 1036 1471 1095; x_wconf 83' lang='lat' dir='ltr'><strong>facta</strong></span> <span class='ocrx_word' id='word_1_73' title='bbox 1499 1032 1550 1095; x_wconf 74' lang='lat' dir='ltr'><strong>sit.</strong></span> 
     </span>
     <span class='ocr_line' id='line_1_8' title="bbox 192 1134 1550 1218; baseline 0 -20"><span class='ocrx_word' id='word_1_74' title='bbox 192 1136 263 1198; x_wconf 85' lang='lat' dir='ltr'><strong>Eam</strong></span> <span class='ocrx_word' id='word_1_75' title='bbox 285 1134 497 1197; x_wconf 85' lang='lat' dir='ltr'><strong>Hirsclrseldius</strong></span> <span class='ocrx_word' id='word_1_76' title='bbox 525 1145 662 1218; x_wconf 90' lang='lat' dir='ltr'><strong>repetens</strong></span> <span class='ocrx_word' id='word_1_77' title='bbox 683 1155 700 1197; x_wconf 93' lang='lat' dir='ltr'><strong>a</strong></span> <span class='ocrx_word' id='word_1_78' title='bbox 722 1136 877 1199; x_wconf 87' lang='lat' dir='ltr'><strong>tribunicia</strong></span> <span class='ocrx_word' id='word_1_79' title='bbox 900 1145 1044 1218; x_wconf 89' lang='lat' dir='ltr'><strong>potestate</strong></span> <span class='ocrx_word' id='word_1_80' title='bbox 1067 1156 1101 1198; x_wconf 95' lang='lat' dir='ltr'><strong>eo</strong></span> <span class='ocrx_word' id='word_1_81' title='bbox 1123 1136 1213 1199; x_wconf 87' lang='lat' dir='ltr'><strong>trabit</strong></span> <span class='ocrx_word' id='word_1_82' title='bbox 1235 1137 1321 1200; x_wconf 87' lang='lat' dir='ltr'><strong>verba</strong></span> <span class='ocrx_word' id='word_1_83' title='bbox 1347 1141 1461 1218; x_wconf 82' lang='lat' dir='ltr'><strong>imperii</strong></span> <span class='ocrx_word' id='word_1_84' title='bbox 1486 1137 1550 1198; x_wconf 86' lang='lat' dir='ltr'><strong>eol-</strong></span> 
     </span>
     <span class='ocr_line' id='line_1_9' title="bbox 192 1239 1551 1322; baseline -0.001 -18"><span class='ocrx_word' id='word_1_85' title='bbox 192 1243 255 1320; x_wconf 78' lang='lat' dir='ltr'><strong>lega</strong></span> <span class='ocrx_word' id='word_1_86' title='bbox 282 1241 363 1320; x_wconf 91' lang='lat' dir='ltr'><strong>(nam</strong></span> <span class='ocrx_word' id='word_1_87' title='bbox 395 1239 435 1301; x_wconf 87' lang='lat' dir='ltr'><strong>ita</strong></span> <span class='ocrx_word' id='word_1_88' title='bbox 465 1239 571 1318; x_wconf 87' lang='lat' dir='ltr'><strong>iungit)</strong></span> <span class='ocrx_word' id='word_1_89' title='bbox 594 1239 631 1300; x_wconf 88' lang='lat' dir='ltr'><strong>M.</strong></span> <span class='ocrx_word' id='word_1_90' title='bbox 648 1240 786 1322; x_wconf 63' lang='lat' dir='ltr'><strong>Agrippa,</strong></span> <span class='ocrx_word' id='word_1_91' title='bbox 814 1241 901 1302; x_wconf 83' lang='lat' dir='ltr'><strong>nixus</strong></span> <span class='ocrx_word' id='word_1_92' title='bbox 922 1240 1095 1322; x_wconf 87' lang='lat' dir='ltr'><strong>praesertim</strong></span> <span class='ocrx_word' id='word_1_93' title='bbox 1118 1260 1153 1302; x_wconf 87' lang='lat' dir='ltr'><strong>eo</strong></span> <span class='ocrx_word' id='word_1_94' title='bbox 1175 1241 1254 1321; x_wconf 90' lang='lat' dir='ltr'><strong>qnod</strong></span> <span class='ocrx_word' id='word_1_95' title='bbox 1276 1243 1307 1303; x_wconf 92' lang='lat' dir='ltr'><strong>in</strong></span> <span class='ocrx_word' id='word_1_96' title='bbox 1329 1251 1449 1303; x_wconf 86' lang='lat' dir='ltr'><strong>senatus</strong></span> <span class='ocrx_word' id='word_1_97' title='bbox 1471 1259 1551 1302; x_wconf 91' lang='lat' dir='ltr'><strong>con-</strong></span> 
     </span>
     <span class='ocr_line' id='line_1_10' title="bbox 192 1340 1551 1423; baseline -0.001 -16"><span class='ocrx_word' id='word_1_98' title='bbox 192 1345 269 1407; x_wconf 90' lang='lat' dir='ltr'><strong>sulto</strong></span> <span class='ocrx_word' id='word_1_99' title='bbox 291 1345 328 1405; x_wconf 93' lang='lat' dir='ltr'><strong>de</strong></span> <span class='ocrx_word' id='word_1_100' title='bbox 348 1343 396 1404; x_wconf 91' lang='lat' dir='ltr'><strong>his</strong></span> <span class='ocrx_word' id='word_1_101' title='bbox 417 1340 495 1403; x_wconf 90' lang='lat' dir='ltr'><strong>ludis</strong></span> <span class='ocrx_word' id='word_1_102' title='bbox 517 1341 637 1403; x_wconf 89' lang='lat' dir='ltr'><strong>edendis</strong></span> <span class='ocrx_word' id='word_1_103' title='bbox 659 1346 735 1404; x_wconf 89' lang='lat' dir='ltr'><strong>laeto</strong></span> <span class='ocrx_word' id='word_1_104' title='bbox 757 1342 1077 1423; x_wconf 82' lang='lat' dir='ltr'><strong>(c.1.L.v1‚877)ii</strong></span> <span class='ocrx_word' id='word_1_105' title='bbox 1099 1344 1238 1406; x_wconf 89' lang='lat' dir='ltr'><strong>dicuntur</strong></span> <span class='ocrx_word' id='word_1_106' title='bbox 1256 1344 1349 1406; x_wconf 86' lang='lat' dir='ltr'><strong>laturi</strong></span> <span class='ocrx_word' id='word_1_107' title='bbox 1371 1365 1435 1406; x_wconf 89' lang='lat' dir='ltr'><strong>essa</strong></span> <span class='ocrx_word' id='word_1_108' title='bbox 1452 1345 1551 1423; x_wconf 84' lang='lat' dir='ltr'><strong>[edea-</strong></span> 
     </span>
     <span class='ocr_line' id='line_1_11' title="bbox 191 1445 1550 1528; baseline -0.001 -18"><span class='ocrx_word' id='word_1_109' title='bbox 191 1449 267 1510; x_wconf 86' lang='lat' dir='ltr'><strong>ts&#39;bos</strong></span> <span class='ocrx_word' id='word_1_110' title='bbox 291 1452 358 1528; x_wconf 79' lang='lat' dir='ltr'><strong>iaap.</strong></span> <span class='ocrx_word' id='word_1_111' title='bbox 383 1446 508 1526; x_wconf 75' lang='lat' dir='ltr'><strong>Augusta</strong></span> <span class='ocrx_word' id='word_1_112' title='bbox 536 1445 575 1506; x_wconf 84' lang='lat' dir='ltr'><strong>dl.</strong></span> <span class='ocrx_word' id='word_1_113' title='bbox 597 1445 730 1527; x_wconf 72' lang='lat' dir='ltr'><strong>Agrsplpa</strong></span> <span class='ocrx_word' id='word_1_114' title='bbox 751 1447 930 1526; x_wconf 69' lang='lat' dir='ltr'><strong>tribuniciis)</strong></span> <span class='ocrx_word' id='word_1_115' title='bbox 954 1457 1089 1528; x_wconf 90' lang='lat' dir='ltr'><strong>potestate</strong></span> <span class='ocrx_word' id='word_1_116' title='bbox 1098 1448 1121 1525; x_wconf 87' lang='lat'><strong>¹)</strong></span> <span class='ocrx_word' id='word_1_117' title='bbox 1144 1451 1193 1525; x_wconf 79' lang='lat' dir='ltr'><strong>(cl.</strong></span> <span class='ocrx_word' id='word_1_118' title='bbox 1216 1447 1395 1512; x_wconf 85' lang='lat' dir='ltr'><strong>Censorinus</strong></span> <span class='ocrx_word' id='word_1_119' title='bbox 1419 1451 1468 1522; x_wconf 85' lang='lat'><strong>17,</strong></span> <span class='ocrx_word' id='word_1_120' title='bbox 1494 1450 1550 1510; x_wconf 88' lang='lat'><strong>11:</strong></span> 
     </span>
     <span class='ocr_line' id='line_1_12' title="bbox 193 1551 1553 1635; baseline 0 -21"><span class='ocrx_word' id='word_1_121' title='bbox 193 1555 307 1635; x_wconf 78' lang='lat' dir='ltr'><strong>parimas</strong></span> <span class='ocrx_word' id='word_1_122' title='bbox 334 1552 417 1613; x_wconf 85' lang='lat' dir='ltr'><strong>ludos</strong></span> <span class='ocrx_word' id='word_1_123' title='bbox 530 1551 635 1614; x_wconf 84' lang='lat' dir='ltr'><strong>Caesar</strong></span> <span class='ocrx_word' id='word_1_124' title='bbox 661 1551 803 1631; x_wconf 78' lang='lat' dir='ltr'><strong>Augustas</strong></span> <span class='ocrx_word' id='word_1_125' title='bbox 828 1561 855 1612; x_wconf 87' lang='lat' dir='ltr'><strong>et</strong></span> <span class='ocrx_word' id='word_1_126' title='bbox 881 1551 1007 1631; x_wconf 79' lang='lat' dir='ltr'><strong>Agrippa</strong></span> <span class='ocrx_word' id='word_1_127' title='bbox 1031 1551 1185 1631; x_wconf 63' lang='lat' dir='ltr'><strong>seruant).</strong></span> <span class='ocrx_word' id='word_1_128' title='bbox 1237 1552 1293 1614; x_wconf 90' lang='lat' dir='ltr'><strong>Sed</strong></span> <span class='ocrx_word' id='word_1_129' title='bbox 1315 1552 1343 1613; x_wconf 92' lang='lat' dir='ltr'><strong>ei</strong></span> <span class='ocrx_word' id='word_1_130' title='bbox 1364 1551 1553 1614; x_wconf 88' lang='lat' dir='ltr'><strong>coniecturae</strong></span> 
     </span>
     <span class='ocr_line' id='line_1_13' title="bbox 193 1652 1549 1736; baseline 0 -18"><span class='ocrx_word' id='word_1_131' title='bbox 193 1657 312 1718; x_wconf 88' lang='lat' dir='ltr'><strong>obstant</strong></span> <span class='ocrx_word' id='word_1_132' title='bbox 333 1653 520 1734; x_wconf 84' lang='lat' dir='ltr'><strong>gravissimae</strong></span> <span class='ocrx_word' id='word_1_133' title='bbox 542 1652 747 1714; x_wconf 87' lang='lat' dir='ltr'><strong>dubitationes.</strong></span> <span class='ocrx_word' id='word_1_134' title='bbox 784 1653 987 1736; x_wconf 86' lang='lat' dir='ltr'><strong>Transpositio</strong></span> <span class='ocrx_word' id='word_1_135' title='bbox 1010 1653 1136 1734; x_wconf 83' lang='lat' dir='ltr'><strong>genetivi</strong></span> <span class='ocrx_word' id='word_1_136' title='bbox 1157 1673 1173 1716; x_wconf 92' lang='lat' dir='ltr'><strong>a</strong></span> <span class='ocrx_word' id='word_1_137' title='bbox 1196 1655 1408 1717; x_wconf 87' lang='lat' dir='ltr'><strong>consuetudins</strong></span> <span class='ocrx_word' id='word_1_138' title='bbox 1423 1657 1549 1736; x_wconf 80' lang='lat' dir='ltr'><strong>Augusti</strong></span> 
     </span>
     <span class='ocr_line' id='line_1_14' title="bbox 192 1755 1552 1841; baseline 0.001 -19"><span class='ocrx_word' id='word_1_139' title='bbox 192 1759 400 1841; x_wconf 87' lang='lat' dir='ltr'><strong>proprietatem</strong></span> <span class='ocrx_word' id='word_1_140' title='bbox 428 1764 458 1818; x_wconf 88' lang='lat' dir='ltr'><strong>et</strong></span> <span class='ocrx_word' id='word_1_141' title='bbox 479 1755 696 1836; x_wconf 81' lang='lat' dir='ltr'><strong>simplicitatem</strong></span> <span class='ocrx_word' id='word_1_142' title='bbox 719 1757 865 1819; x_wconf 90' lang='lat' dir='ltr'><strong>sermonis</strong></span> <span class='ocrx_word' id='word_1_143' title='bbox 887 1759 932 1820; x_wconf 87' lang='lat' dir='ltr'><strong>vel</strong></span> <span class='ocrx_word' id='word_1_144' title='bbox 954 1758 1081 1819; x_wconf 83' lang='lat' dir='ltr'><strong>maxime</strong></span> <span class='ocrx_word' id='word_1_145' title='bbox 1102 1759 1197 1819; x_wconf 91' lang='lat' dir='ltr'><strong>secuti</strong></span> <span class='ocrx_word' id='word_1_146' title='bbox 1217 1756 1303 1838; x_wconf 94' lang='lat' dir='ltr'><strong>plane</strong></span> <span class='ocrx_word' id='word_1_147' title='bbox 1324 1759 1472 1834; x_wconf 88' lang='lat' dir='ltr'><strong>abhorret,</strong></span> <span class='ocrx_word' id='word_1_148' title='bbox 1494 1779 1552 1822; x_wconf 91' lang='lat' dir='ltr'><strong>ne-</strong></span> 
     </span>
     <span class='ocr_line' id='line_1_15' title="bbox 193 1859 1551 1944; baseline 0 -19"><span class='ocrx_word' id='word_1_149' title='bbox 193 1884 250 1944; x_wconf 90' lang='lat' dir='ltr'><strong>que</strong></span> <span class='ocrx_word' id='word_1_150' title='bbox 272 1862 308 1924; x_wconf 92' lang='lat' dir='ltr'><strong>ad</strong></span> <span class='ocrx_word' id='word_1_151' title='bbox 331 1880 478 1923; x_wconf 89' lang='lat' dir='ltr'><strong>summam</strong></span> <span class='ocrx_word' id='word_1_152' title='bbox 500 1864 675 1942; x_wconf 83' lang='lat' dir='ltr'><strong>potestatem</strong></span> <span class='ocrx_word' id='word_1_153' title='bbox 691 1860 910 1940; x_wconf 90' lang='lat' dir='ltr'><strong>significandam</strong></span> <span class='ocrx_word' id='word_1_154' title='bbox 926 1861 1076 1941; x_wconf 87' lang='lat' dir='ltr'><strong>Augustus</strong></span> <span class='ocrx_word' id='word_1_155' title='bbox 1092 1859 1232 1922; x_wconf 82' lang='lat' dir='ltr'><strong>vocabulo</strong></span> <span class='ocrx_word' id='word_1_156' title='bbox 1254 1860 1370 1942; x_wconf 90' lang='lat' dir='ltr'><strong>imperii</strong></span> <span class='ocrx_word' id='word_1_157' title='bbox 1385 1863 1444 1925; x_wconf 94' lang='lat' dir='ltr'><strong>ullo</strong></span> <span class='ocrx_word' id='word_1_158' title='bbox 1461 1863 1551 1925; x_wconf 93' lang='lat' dir='ltr'><strong>modo</strong></span> 
     </span>
     <span class='ocr_line' id='line_1_16' title="bbox 194 1963 1552 2050; baseline -0.002 -19"><span class='ocrx_word' id='word_1_159' title='bbox 194 1969 238 2031; x_wconf 92' lang='lat' dir='ltr'><strong>uti</strong></span> <span class='ocrx_word' id='word_1_160' title='bbox 258 1965 356 2050; x_wconf 89' lang='lat' dir='ltr'><strong>potuit</strong></span> <span class='ocrx_word' id='word_1_161' title='bbox 377 1973 408 2027; x_wconf 94' lang='lat' dir='ltr'><strong>et</strong></span> <span class='ocrx_word' id='word_1_162' title='bbox 429 1964 523 2026; x_wconf 90' lang='lat' dir='ltr'><strong>multo</strong></span> <span class='ocrx_word' id='word_1_163' title='bbox 545 1964 643 2026; x_wconf 91' lang='lat' dir='ltr'><strong>minus</strong></span> <span class='ocrx_word' id='word_1_164' title='bbox 665 1963 696 2025; x_wconf 91' lang='lat' dir='ltr'><strong>in</strong></span> <span class='ocrx_word' id='word_1_165' title='bbox 719 1965 808 2026; x_wconf 89' lang='lat' dir='ltr'><strong>rebus</strong></span> <span class='ocrx_word' id='word_1_166' title='bbox 830 1965 920 2027; x_wconf 88' lang='lat' dir='ltr'><strong>sacris</strong></span> <span class='ocrx_word' id='word_1_167' title='bbox 942 1971 973 2026; x_wconf 93' lang='lat' dir='ltr'><strong>et</strong></span> <span class='ocrx_word' id='word_1_168' title='bbox 994 1964 1123 2027; x_wconf 90' lang='lat' dir='ltr'><strong>urbanis.</strong></span> <span class='ocrx_word' id='word_1_169' title='bbox 1149 1963 1209 2025; x_wconf 91' lang='lat' dir='ltr'><strong>Nec</strong></span> <span class='ocrx_word' id='word_1_170' title='bbox 1231 1963 1331 2026; x_wconf 90' lang='lat' dir='ltr'><strong>minus</strong></span> <span class='ocrx_word' id='word_1_171' title='bbox 1353 1985 1442 2046; x_wconf 89' lang='lat' dir='ltr'><strong>quam</strong></span> <span class='ocrx_word' id='word_1_172' title='bbox 1462 1985 1552 2028; x_wconf 85' lang='lat' dir='ltr'><strong>roca-</strong></span> 
     </span>
     <span class='ocr_line' id='line_1_17' title="bbox 194 2067 1552 2152; baseline -0.003 -18"><span class='ocrx_word' id='word_1_173' title='bbox 194 2072 262 2134; x_wconf 91' lang='lat' dir='ltr'><strong>bula</strong></span> <span class='ocrx_word' id='word_1_174' title='bbox 288 2089 336 2132; x_wconf 89' lang='lat' dir='ltr'><strong>res</strong></span> <span class='ocrx_word' id='word_1_175' title='bbox 364 2069 526 2130; x_wconf 80' lang='lat' dir='ltr'><strong>offendunt.</strong></span> <span class='ocrx_word' id='word_1_176' title='bbox 569 2067 720 2129; x_wconf 88' lang='lat' dir='ltr'><strong>Lndorum</strong></span> <span class='ocrx_word' id='word_1_177' title='bbox 749 2068 942 2130; x_wconf 88' lang='lat' dir='ltr'><strong>saecularium</strong></span> <span class='ocrx_word' id='word_1_178' title='bbox 972 2067 1131 2130; x_wconf 85' lang='lat' dir='ltr'><strong>editionem</strong></span> <span class='ocrx_word' id='word_1_179' title='bbox 1161 2067 1224 2130; x_wconf 90' lang='lat' dir='ltr'><strong>iare</strong></span> <span class='ocrx_word' id='word_1_180' title='bbox 1248 2079 1394 2152; x_wconf 80' lang='lat' dir='ltr'><strong>spectasse</strong></span> <span class='ocrx_word' id='word_1_181' title='bbox 1421 2069 1457 2130; x_wconf 93' lang='lat' dir='ltr'><strong>ad</strong></span> <span class='ocrx_word' id='word_1_182' title='bbox 1487 2069 1552 2132; x_wconf 95' lang='lat' dir='ltr'><strong>ool-</strong></span> 
     </span>
     <span class='ocr_line' id='line_1_18' title="bbox 193 2170 1553 2255; baseline -0.002 -18"><span class='ocrx_word' id='word_1_183' title='bbox 193 2176 301 2255; x_wconf 90' lang='lat' dir='ltr'><strong>legium</strong></span> <span class='ocrx_word' id='word_1_184' title='bbox 334 2171 598 2253; x_wconf 84' lang='lat' dir='ltr'><strong>quindecimvirum</strong></span> <span class='ocrx_word' id='word_1_185' title='bbox 631 2189 691 2232; x_wconf 93' lang='lat' dir='ltr'><strong>non</strong></span> <span class='ocrx_word' id='word_1_186' title='bbox 724 2171 819 2232; x_wconf 88' lang='lat' dir='ltr'><strong>solum</strong></span> <span class='ocrx_word' id='word_1_187' title='bbox 855 2170 918 2233; x_wconf 90' lang='lat' dir='ltr'><strong>aliis</strong></span> <span class='ocrx_word' id='word_1_188' title='bbox 952 2170 1128 2234; x_wconf 86' lang='lat' dir='ltr'><strong>testimoniis</strong></span> <span class='ocrx_word' id='word_1_189' title='bbox 1154 2172 1290 2254; x_wconf 86' lang='lat' dir='ltr'><strong>plurimis</strong></span> <span class='ocrx_word' id='word_1_190' title='bbox 1319 2173 1553 2253; x_wconf 86' lang='lat' dir='ltr'><strong>certissimisque</strong></span> 
     </span>
     <span class='ocr_line' id='line_1_19' title="bbox 196 2273 1569 2358; baseline -0.001 -18"><span class='ocrx_word' id='word_1_191' title='bbox 196 2286 320 2350; x_wconf 74' lang='lat' dir='ltr'><strong>mussat,</strong></span> <span class='ocrx_word' id='word_1_192' title='bbox 343 2277 394 2339; x_wconf 93' lang='lat' dir='ltr'><strong>sed</strong></span> <span class='ocrx_word' id='word_1_193' title='bbox 418 2275 547 2358; x_wconf 90' lang='lat' dir='ltr'><strong>deipsis</strong></span> <span class='ocrx_word' id='word_1_194' title='bbox 569 2274 647 2337; x_wconf 93' lang='lat' dir='ltr'><strong>ludis</strong></span> <span class='ocrx_word' id='word_1_195' title='bbox 668 2293 694 2336; x_wconf 89' lang='lat' dir='ltr'><strong>a.</strong></span> <span class='ocrx_word' id='word_1_196' title='bbox 712 2274 772 2335; x_wconf 84' lang='lat'><strong>737</strong></span> <span class='ocrx_word' id='word_1_197' title='bbox 795 2273 948 2336; x_wconf 90' lang='lat' dir='ltr'><strong>celebratis</strong></span> <span class='ocrx_word' id='word_1_198' title='bbox 971 2294 1006 2336; x_wconf 87' lang='lat' dir='ltr'><strong>ao</strong></span> <span class='ocrx_word' id='word_1_199' title='bbox 1028 2275 1256 2350; x_wconf 90' lang='lat' dir='ltr'><strong>demonstratur,</strong></span> <span class='ocrx_word' id='word_1_200' title='bbox 1280 2277 1359 2356; x_wconf 91' lang='lat' dir='ltr'><strong>qaod</strong></span> <span class='ocrx_word' id='word_1_201' title='bbox 1378 2276 1407 2338; x_wconf 92' lang='lat' dir='ltr'><strong>in</strong></span> <span class='ocrx_word' id='word_1_202' title='bbox 1424 2287 1569 2339; x_wconf 85' lang='lat' dir='ltr'><strong>nummo&#39;</strong></span> 
     </span>
     <span class='ocr_line' id='line_1_20' title="bbox 195 2377 1554 2462; baseline -0.001 -19"><span class='ocrx_word' id='word_1_203' title='bbox 195 2381 228 2443; x_wconf 87' lang='lat' dir='ltr'><strong>L.</strong></span> <span class='ocrx_word' id='word_1_204' title='bbox 248 2379 380 2442; x_wconf 83' lang='lat' dir='ltr'><strong>Mescinii</strong></span> <span class='ocrx_word' id='word_1_205' title='bbox 409 2380 476 2441; x_wconf 86' lang='lat' dir='ltr'><strong>Ruti</strong></span> <span class='ocrx_word' id='word_1_206' title='bbox 506 2379 619 2459; x_wconf 86' lang='lat' dir='ltr'><strong>(Ceben</strong></span> <span class='ocrx_word' id='word_1_207' title='bbox 646 2378 719 2458; x_wconf 90' lang='lat' dir='ltr'><strong>Aug.</strong></span> <span class='ocrx_word' id='word_1_208' title='bbox 739 2377 815 2457; x_wconf 84' lang='grc'>461)</span> <span class='ocrx_word' id='word_1_209' title='bbox 844 2377 881 2438; x_wconf 93' lang='lat' dir='ltr'><strong>ad</strong></span> <span class='ocrx_word' id='word_1_210' title='bbox 909 2377 1027 2457; x_wconf 90' lang='lat' dir='ltr'><strong>cippum</strong></span> <span class='ocrx_word' id='word_1_211' title='bbox 1050 2378 1226 2461; x_wconf 89' lang='lat' dir='ltr'><strong>inscriptum</strong></span> <span class='ocrx_word' id='word_1_212' title='bbox 1247 2385 1316 2461; x_wconf 85' lang='lat' dir='ltr'><strong>imp.</strong></span> <span class='ocrx_word' id='word_1_213' title='bbox 1334 2379 1467 2462; x_wconf 73' lang='lat' dir='ltr'><strong>Goulos)</strong></span> <span class='ocrx_word' id='word_1_214' title='bbox 1489 2380 1554 2442; x_wconf 85' lang='lat' dir='ltr'><strong>Au-</strong></span> 
     </span>
     <span class='ocr_line' id='line_1_21' title="bbox 192 2481 1555 2568; baseline -0.002 -21"><span class='ocrx_word' id='word_1_215' title='bbox 192 2485 317 2568; x_wconf 79' lang='lat' dir='ltr'><strong>p(sastus)</strong></span> <span class='ocrx_word' id='word_1_216' title='bbox 345 2483 452 2564; x_wconf 84' lang='lat' dir='ltr'><strong>lad(os)</strong></span> <span class='ocrx_word' id='word_1_217' title='bbox 479 2482 653 2558; x_wconf 78' lang='lat' dir='ltr'><strong>saeclulares</strong></span> <span class='ocrx_word' id='word_1_218' title='bbox 678 2481 738 2542; x_wconf 84' lang='lat' dir='ltr'><strong>scil</strong></span> <span class='ocrx_word' id='word_1_219' title='bbox 756 2483 836 2562; x_wconf 74' lang='lat' dir='ltr'><strong>feeit]</strong></span> <span class='ocrx_word' id='word_1_220' title='bbox 871 2481 1008 2561; x_wconf 90' lang='lat' dir='ltr'><strong>bipertito</strong></span> <span class='ocrx_word' id='word_1_221' title='bbox 1036 2481 1214 2563; x_wconf 87' lang='lat' dir='ltr'><strong>adscriptum</strong></span> <span class='ocrx_word' id='word_1_222' title='bbox 1241 2492 1286 2545; x_wconf 90' lang='lat' dir='ltr'><strong>est</strong></span> <span class='ocrx_word' id='word_1_223' title='bbox 1312 2503 1353 2544; x_wconf 88' lang='lat' dir='ltr'><strong>xv</strong></span> <span class='ocrx_word' id='word_1_224' title='bbox 1366 2503 1462 2557; x_wconf 83' lang='lat' dir='ltr'><strong>·s·s,</strong></span> <span class='ocrx_word' id='word_1_225' title='bbox 1490 2484 1555 2546; x_wconf 77' lang='lat' dir='ltr'><strong>sire</strong></span> 
     </span>
     <span class='ocr_line' id='line_1_22' title="bbox 195 2584 1553 2668; baseline -0.001 -18"><span class='ocrx_word' id='word_1_226' title='bbox 195 2606 263 2650; x_wconf 89' lang='lat' dir='ltr'><strong>cum</strong></span> <span class='ocrx_word' id='word_1_227' title='bbox 285 2587 423 2649; x_wconf 81' lang='lat' dir='ltr'><strong>llckhelio</strong></span> <span class='ocrx_word' id='word_1_228' title='bbox 446 2586 488 2665; x_wconf 87' lang='grc'><strong>(6,</strong></span> <span class='ocrx_word' id='word_1_229' title='bbox 506 2585 579 2662; x_wconf 82' lang='lat'>102)</span> <span class='ocrx_word' id='word_1_230' title='bbox 601 2584 630 2646; x_wconf 93' lang='lat' dir='ltr'><strong>id</strong></span> <span class='ocrx_word' id='word_1_231' title='bbox 653 2585 689 2646; x_wconf 93' lang='lat' dir='ltr'><strong>ad</strong></span> <span class='ocrx_word' id='word_1_232' title='bbox 711 2584 865 2664; x_wconf 89' lang='lat' dir='ltr'><strong>collegium</strong></span> <span class='ocrx_word' id='word_1_233' title='bbox 888 2587 979 2648; x_wconf 87' lang='lat' dir='ltr'><strong>rolers</strong></span> <span class='ocrx_word' id='word_1_234' title='bbox 999 2587 1097 2666; x_wconf 89' lang='lat' dir='ltr'><strong>legens</strong></span> <span class='ocrx_word' id='word_1_235' title='bbox 1116 2586 1246 2668; x_wconf 79' lang='lat' dir='ltr'><strong>ru(oiri)</strong></span> <span class='ocrx_word' id='word_1_236' title='bbox 1269 2586 1338 2660; x_wconf 83' lang='lat' dir='ltr'><strong>sire,</strong></span> <span class='ocrx_word' id='word_1_237' title='bbox 1360 2587 1440 2667; x_wconf 87' lang='lat' dir='ltr'><strong>quod</strong></span> <span class='ocrx_word' id='word_1_238' title='bbox 1456 2586 1553 2666; x_wconf 91' lang='lat' dir='ltr'><strong>magis</strong></span> 
     </span>
    </p>
   </div>
   <div class='ocr_carea' id='block_1_3' title="bbox 195 2688 1552 3081">
    <p class='ocr_par' dir='ltr' id='par_1_3' title="bbox 195 2688 1552 3081">
     <span class='ocr_line' id='line_1_23' title="bbox 195 2688 1552 2775; baseline -0.001 -21"><span class='ocrx_word' id='word_1_239' title='bbox 195 2691 353 2775; x_wconf 88' lang='lat' dir='ltr'><strong>probarim,</strong></span> <span class='ocrx_word' id='word_1_240' title='bbox 377 2709 445 2752; x_wconf 90' lang='lat' dir='ltr'><strong>cum</strong></span> <span class='ocrx_word' id='word_1_241' title='bbox 464 2688 614 2752; x_wconf 80' lang='lat' dir='ltr'><strong>ChishuDo</strong></span> <span class='ocrx_word' id='word_1_242' title='bbox 636 2689 672 2750; x_wconf 90' lang='lat' dir='ltr'><strong>ad</strong></span> <span class='ocrx_word' id='word_1_243' title='bbox 693 2688 792 2768; x_wconf 93' lang='lat' dir='ltr'><strong>ipsum</strong></span> <span class='ocrx_word' id='word_1_244' title='bbox 806 2689 973 2768; x_wconf 89' lang='lat' dir='ltr'><strong>Augustum</strong></span> <span class='ocrx_word' id='word_1_245' title='bbox 995 2689 1094 2770; x_wconf 88' lang='lat' dir='ltr'><strong>legens</strong></span> <span class='ocrx_word' id='word_1_246' title='bbox 1111 2689 1239 2770; x_wconf 53' lang='lat' dir='ltr'><strong>amois).</strong></span> <span class='ocrx_word' id='word_1_247' title='bbox 1276 2689 1465 2752; x_wconf 86' lang='lat' dir='ltr'><strong>Demonstrat</strong></span> <span class='ocrx_word' id='word_1_248' title='bbox 1485 2707 1552 2752; x_wconf 89' lang='lat' dir='ltr'><strong>rem</strong></span> 
     </span>
     <span class='ocr_line' id='line_1_24' title="bbox 195 2791 1000 2875; baseline -0.005 -18"><span class='ocrx_word' id='word_1_249' title='bbox 195 2795 266 2857; x_wconf 88' lang='lat' dir='ltr'><strong>item</strong></span> <span class='ocrx_word' id='word_1_250' title='bbox 289 2795 368 2875; x_wconf 89' lang='lat' dir='ltr'><strong>quod</strong></span> <span class='ocrx_word' id='word_1_251' title='bbox 390 2793 590 2873; x_wconf 91' lang='lat' dir='ltr'><strong>subscriptum</strong></span> <span class='ocrx_word' id='word_1_252' title='bbox 613 2800 659 2854; x_wconf 90' lang='lat' dir='ltr'><strong>est</strong></span> <span class='ocrx_word' id='word_1_253' title='bbox 679 2793 762 2854; x_wconf 79' lang='lat' dir='ltr'><strong>tastis</strong></span> <span class='ocrx_word' id='word_1_254' title='bbox 784 2791 1000 2872; x_wconf 81' lang='lat' dir='ltr'><strong>Capitolinis¹):</strong></span> 
     </span>
     <span class='ocr_line' id='line_1_25' title="bbox 399 2895 765 2976; baseline 0 -18"><span class='ocrx_word' id='word_1_255' title='bbox 399 2897 463 2959; x_wconf 86' lang='lat' dir='ltr'><strong>ludi</strong></span> <span class='ocrx_word' id='word_1_256' title='bbox 480 2895 641 2959; x_wconf 81' lang='lat' dir='ltr'><strong>saeculares</strong></span> <span class='ocrx_word' id='word_1_257' title='bbox 662 2901 765 2976; x_wconf 63' lang='lat' dir='ltr'><strong>quaet.</strong></span> 
     </span>
     <span class='ocr_line' id='line_1_26' title="bbox 495 2998 967 3081; baseline -0.006 -19"><span class='ocrx_word' id='word_1_258' title='bbox 495 3004 564 3081; x_wconf 86' lang='lat' dir='ltr'><strong>imp.</strong></span> <span class='ocrx_word' id='word_1_259' title='bbox 584 2999 703 3063; x_wconf 71' lang='lat' dir='ltr'><strong>clears</strong></span> <span class='ocrx_word' id='word_1_260' title='bbox 725 3001 784 3062; x_wconf 85' lang='lat' dir='ltr'><strong>disi</strong></span> <span class='ocrx_word' id='word_1_261' title='bbox 800 3001 825 3080; x_wconf 78' lang='lat' dir='ltr'><strong>s.</strong></span> <span class='ocrx_word' id='word_1_262' title='bbox 840 2998 967 3080; x_wconf 77' lang='lat' dir='ltr'><strong>Augusto</strong></span> 
     </span>
    </p>
   </div>
   <div class='ocr_carea' id='block_1_4' title="bbox 197 3101 1558 3911">
    <p class='ocr_par' dir='ltr' id='par_1_4' title="bbox 499 3101 1003 3184">
     <span class='ocr_line' id='line_1_27' title="bbox 499 3101 1003 3184; baseline -0.004 -19"><span class='ocrx_word' id='word_1_263' title='bbox 499 3103 531 3165; x_wconf 79' lang='lat'><strong>0.</strong></span> <span class='ocrx_word' id='word_1_264' title='bbox 546 3103 643 3166; x_wconf 77' lang='lat' dir='ltr'><strong>Sestio</strong></span> <span class='ocrx_word' id='word_1_265' title='bbox 666 3103 696 3165; x_wconf 78' lang='grc' dir='ltr'><strong>θ.</strong></span> <span class='ocrx_word' id='word_1_266' title='bbox 711 3105 736 3184; x_wconf 78' lang='lat' dir='ltr'><strong>s.</strong></span> <span class='ocrx_word' id='word_1_267' title='bbox 754 3102 784 3164; x_wconf 71' lang='grc' dir='ltr'><strong>(ἶ.</strong></span> <span class='ocrx_word' id='word_1_268' title='bbox 799 3123 829 3164; x_wconf 77' lang='lat' dir='ltr'><strong>u.</strong></span> <span class='ocrx_word' id='word_1_269' title='bbox 843 3101 1003 3165; x_wconf 82' lang='lat' dir='ltr'><strong>Saturnino</strong></span> 
     </span>
    </p>

    <p class='ocr_par' dir='ltr' id='par_1_5' title="bbox 496 3205 1224 3287">
     <span class='ocr_line' id='line_1_28' title="bbox 496 3205 1224 3287; baseline -0.005 -18"><span class='ocrx_word' id='word_1_270' title='bbox 496 3207 534 3269; x_wconf 87' lang='lat' dir='ltr'><strong>M.</strong></span> <span class='ocrx_word' id='word_1_271' title='bbox 551 3207 671 3270; x_wconf 61' lang='lat' dir='ltr'><strong>madia</strong></span> <span class='ocrx_word' id='word_1_272' title='bbox 692 3207 731 3269; x_wconf 89' lang='lat' dir='ltr'><strong>M.</strong></span> <span class='ocrx_word' id='word_1_273' title='bbox 745 3208 770 3287; x_wconf 76' lang='lat' dir='ltr'><strong>s.</strong></span> <span class='ocrx_word' id='word_1_274' title='bbox 785 3206 824 3268; x_wconf 86' lang='grc' dir='ltr'><strong>Μ.</strong></span> <span class='ocrx_word' id='word_1_275' title='bbox 839 3226 870 3267; x_wconf 83' lang='lat' dir='ltr'><strong>a.</strong></span> <span class='ocrx_word' id='word_1_276' title='bbox 889 3205 1024 3268; x_wconf 85' lang='lat' dir='ltr'><strong>Marcello</strong></span> <span class='ocrx_word' id='word_1_277' title='bbox 1219 3264 1224 3276; x_wconf 84' lang='grc'>,</span> 
     </span>
    </p>

    <p class='ocr_par' dir='ltr' id='par_1_6' title="bbox 497 3278 1248 3392">
     <span class='ocr_line' id='line_1_29' title="bbox 497 3278 1248 3392; baseline -0.003 -20"><span class='ocrx_word' id='word_1_278' title='bbox 497 3311 536 3372; x_wconf 86' lang='grc' dir='ltr'><strong>Μ.</strong></span> <span class='ocrx_word' id='word_1_279' title='bbox 551 3310 634 3392; x_wconf 75' lang='lat' dir='ltr'><strong>Fufia</strong></span> <span class='ocrx_word' id='word_1_280' title='bbox 657 3310 734 3391; x_wconf 81' lang='lat' dir='ltr'><strong>M.s.</strong></span> <span class='ocrx_word' id='word_1_281' title='bbox 893 3307 1025 3388; x_wconf 75' lang='lat' dir='ltr'><strong>Strigoae</strong></span> <span class='ocrx_word' id='word_1_282' title='bbox 1047 3279 1121 3340; x_wconf 57' lang='lat' dir='ltr'><strong>&#39;my&#39;</strong></span> <span class='ocrx_word' id='word_1_283' title='bbox 1145 3278 1248 3322; x_wconf 50' lang='grc' dir='ltr'><strong>ΠΜ</strong></span> 
     </span>
    </p>

    <p class='ocr_par' dir='ltr' id='par_1_7' title="bbox 197 3412 1558 3911">
     <span class='ocr_line' id='line_1_30' title="bbox 496 3412 1182 3494; baseline -0.003 -18"><span class='ocrx_word' id='word_1_284' title='bbox 496 3413 533 3476; x_wconf 93' lang='lat' dir='ltr'><strong>D.</strong></span> <span class='ocrx_word' id='word_1_285' title='bbox 548 3413 642 3476; x_wconf 80' lang='lat' dir='ltr'><strong>boelio</strong></span> <span class='ocrx_word' id='word_1_286' title='bbox 663 3413 701 3476; x_wconf 92' lang='lat' dir='ltr'><strong>D.</strong></span> <span class='ocrx_word' id='word_1_287' title='bbox 715 3415 740 3494; x_wconf 69' lang='grc' dir='ltr'><strong>Ι.</strong></span> <span class='ocrx_word' id='word_1_288' title='bbox 755 3413 790 3475; x_wconf 93' lang='lat' dir='ltr'><strong>D.</strong></span> <span class='ocrx_word' id='word_1_289' title='bbox 806 3433 836 3474; x_wconf 83' lang='lat' dir='ltr'><strong>n.</strong></span> <span class='ocrx_word' id='word_1_290' title='bbox 851 3412 951 3475; x_wconf 78' lang='lat' dir='ltr'><strong>satta.</strong></span> <span class='ocrx_word' id='word_1_291' title='bbox 1179 3481 1182 3490; x_wconf 27' lang='lat'><strong>¹</strong></span> 
     </span>
     <span class='ocr_line' id='line_1_31' title="bbox 199 3515 1556 3599; baseline -0.004 -17"><span class='ocrx_word' id='word_1_292' title='bbox 199 3521 256 3582; x_wconf 92' lang='lat' dir='ltr'><strong>Sed</strong></span> <span class='ocrx_word' id='word_1_293' title='bbox 278 3527 346 3582; x_wconf 91' lang='lat' dir='ltr'><strong>aute</strong></span> <span class='ocrx_word' id='word_1_294' title='bbox 368 3518 466 3582; x_wconf 92' lang='lat' dir='ltr'><strong>omnia</strong></span> <span class='ocrx_word' id='word_1_295' title='bbox 488 3518 550 3599; x_wconf 87' lang='lat' dir='ltr'><strong>ipsa</strong></span> <span class='ocrx_word' id='word_1_296' title='bbox 571 3517 674 3579; x_wconf 90' lang='lat' dir='ltr'><strong>indicis</strong></span> <span class='ocrx_word' id='word_1_297' title='bbox 694 3517 782 3579; x_wconf 82' lang='lat' dir='ltr'><strong>verba</strong></span> <span class='ocrx_word' id='word_1_298' title='bbox 796 3535 917 3578; x_wconf 90' lang='lat' dir='ltr'><strong>omnem</strong></span> <span class='ocrx_word' id='word_1_299' title='bbox 933 3515 1144 3578; x_wconf 90' lang='lat' dir='ltr'><strong>dubitationem</strong></span> <span class='ocrx_word' id='word_1_300' title='bbox 1160 3515 1367 3596; x_wconf 89' lang='lat' dir='ltr'><strong>praecludunt;</strong></span> <span class='ocrx_word' id='word_1_301' title='bbox 1388 3533 1457 3575; x_wconf 90' lang='lat' dir='ltr'><strong>nam</strong></span> <span class='ocrx_word' id='word_1_302' title='bbox 1473 3515 1556 3596; x_wconf 90' lang='lat' dir='ltr'><strong>quod</strong></span> 
     </span>
     <span class='ocr_line' id='line_1_32' title="bbox 197 3618 1555 3705; baseline -0.004 -20"><span class='ocrx_word' id='word_1_303' title='bbox 197 3623 239 3685; x_wconf 91' lang='lat' dir='ltr'><strong>ait</strong></span> <span class='ocrx_word' id='word_1_304' title='bbox 266 3623 403 3705; x_wconf 89' lang='lat' dir='ltr'><strong>princeps</strong></span> <span class='ocrx_word' id='word_1_305' title='bbox 430 3623 515 3684; x_wconf 90' lang='lat' dir='ltr'><strong>ludos</strong></span> <span class='ocrx_word' id='word_1_306' title='bbox 542 3621 646 3683; x_wconf 84' lang='lat' dir='ltr'><strong>iecisse</strong></span> <span class='ocrx_word' id='word_1_307' title='bbox 673 3640 705 3682; x_wconf 91' lang='lat' dir='ltr'><strong>se</strong></span> <span class='ocrx_word' id='word_1_308' title='bbox 729 3638 783 3700; x_wconf 89' lang='lat' dir='ltr'><strong>pro</strong></span> <span class='ocrx_word' id='word_1_309' title='bbox 812 3620 936 3701; x_wconf 79' lang='lat' dir='ltr'><strong>conlegia</strong></span> <span class='ocrx_word' id='word_1_310' title='bbox 963 3623 1141 3682; x_wconf 70' lang='lat' dir='ltr'><strong>rr&#39;oiraaum</strong></span> <span class='ocrx_word' id='word_1_311' title='bbox 1169 3618 1240 3698; x_wconf 90' lang='lat' dir='ltr'><strong>quid</strong></span> <span class='ocrx_word' id='word_1_312' title='bbox 1273 3630 1319 3682; x_wconf 89' lang='lat' dir='ltr'><strong>est</strong></span> <span class='ocrx_word' id='word_1_313' title='bbox 1350 3619 1430 3681; x_wconf 91' lang='lat' dir='ltr'><strong>aliud</strong></span> <span class='ocrx_word' id='word_1_314' title='bbox 1461 3637 1555 3699; x_wconf 89' lang='lat' dir='ltr'><strong>qnam</strong></span> 
     </span>
     <span class='ocr_line' id='line_1_33' title="bbox 198 3721 1557 3804; baseline -0.004 -16"><span class='ocrx_word' id='word_1_315' title='bbox 198 3726 302 3788; x_wconf 86' lang='lat' dir='ltr'><strong>iecisse</strong></span> <span class='ocrx_word' id='word_1_316' title='bbox 324 3746 356 3789; x_wconf 91' lang='lat' dir='ltr'><strong>se</strong></span> <span class='ocrx_word' id='word_1_317' title='bbox 378 3746 413 3788; x_wconf 83' lang='lat' dir='ltr'><strong>er</strong></span> <span class='ocrx_word' id='word_1_318' title='bbox 436 3727 552 3788; x_wconf 88' lang='lat' dir='ltr'><strong>decreto</strong></span> <span class='ocrx_word' id='word_1_319' title='bbox 574 3721 711 3804; x_wconf 79' lang='lat' dir='ltr'><strong>collegii?</strong></span> <span class='ocrx_word' id='word_1_320' title='bbox 743 3725 838 3797; x_wconf 82' lang='lat' dir='ltr'><strong>Quam</strong></span> <span class='ocrx_word' id='word_1_321' title='bbox 859 3722 897 3785; x_wconf 94' lang='lat' dir='ltr'><strong>ob</strong></span> <span class='ocrx_word' id='word_1_322' title='bbox 912 3742 974 3785; x_wconf 90' lang='lat' dir='ltr'><strong>rem</strong></span> <span class='ocrx_word' id='word_1_323' title='bbox 990 3722 1115 3786; x_wconf 83' lang='lat' dir='ltr'><strong>utludis</strong></span> <span class='ocrx_word' id='word_1_324' title='bbox 1130 3723 1277 3784; x_wconf 76' lang='lat' dir='ltr'><strong>Arvalium</strong></span> <span class='ocrx_word' id='word_1_325' title='bbox 1293 3723 1399 3785; x_wconf 89' lang='lat' dir='ltr'><strong>annuis</strong></span> <span class='ocrx_word' id='word_1_326' title='bbox 1414 3723 1557 3803; x_wconf 86' lang='lat' dir='ltr'><strong>magister</strong></span> 
     </span>
     <span class='ocr_line' id='line_1_34' title="bbox 199 3825 1558 3911; baseline -0.005 -18"><span class='ocrx_word' id='word_1_327' title='bbox 199 3830 311 3910; x_wconf 91' lang='lat' dir='ltr'><strong>collegii</strong></span> <span class='ocrx_word' id='word_1_328' title='bbox 346 3830 506 3911; x_wconf 90' lang='lat' dir='ltr'><strong>praesidet,</strong></span> <span class='ocrx_word' id='word_1_329' title='bbox 538 3828 578 3891; x_wconf 96' lang='lat' dir='ltr'><strong>ita</strong></span> <span class='ocrx_word' id='word_1_330' title='bbox 610 3828 749 3891; x_wconf 92' lang='lat' dir='ltr'><strong>deludis</strong></span> <span class='ocrx_word' id='word_1_331' title='bbox 780 3826 977 3890; x_wconf 89' lang='lat' dir='ltr'><strong>saecularibus</strong></span> <span class='ocrx_word' id='word_1_332' title='bbox 1008 3825 1143 3888; x_wconf 90' lang='lat' dir='ltr'><strong>similiter</strong></span> <span class='ocrx_word' id='word_1_333' title='bbox 1170 3826 1332 3889; x_wconf 86' lang='lat' dir='ltr'><strong>decreverit</strong></span> <span class='ocrx_word' id='word_1_334' title='bbox 1359 3845 1478 3888; x_wconf 85' lang='lat' dir='ltr'><strong>necesse</strong></span> <span class='ocrx_word' id='word_1_335' title='bbox 1508 3833 1558 3887; x_wconf 91' lang='lat' dir='ltr'><strong>est</strong></span> 
     </span>
    </p>
   </div>
   <div class='ocr_carea' id='block_1_5' title="bbox 198 4075 1560 4840">
    <p class='ocr_par' dir='ltr' id='par_1_8' title="bbox 198 4075 1559 4321">
     <span class='ocr_line' id='line_1_35' title="bbox 298 4075 1559 4147; baseline -0.004 -16"><span class='ocrx_word' id='word_1_336' title='bbox 298 4080 319 4147; x_wconf 92' lang='lat'><strong>¹)</strong></span> <span class='ocrx_word' id='word_1_337' title='bbox 338 4079 462 4145; x_wconf 83' lang='lat' dir='ltr'><strong>bergkias</strong></span> <span class='ocrx_word' id='word_1_338' title='bbox 486 4079 617 4146; x_wconf 88' lang='lat' dir='ltr'><strong>supplevit</strong></span> <span class='ocrx_word' id='word_1_339' title='bbox 633 4095 657 4145; x_wconf 89' lang='lat' dir='ltr'><strong>p.</strong></span> <span class='ocrx_word' id='word_1_340' title='bbox 670 4079 716 4129; x_wconf 78' lang='lat' dir='ltr'><strong>ts:</strong></span> <span class='ocrx_word' id='word_1_341' title='bbox 740 4076 811 4128; x_wconf 83' lang='lat' dir='ltr'><strong>ludos</strong></span> <span class='ocrx_word' id='word_1_342' title='bbox 824 4115 831 4128; x_wconf 99' lang='lat'><strong>.</strong></span> <span class='ocrx_word' id='word_1_343' title='bbox 844 4115 851 4128; x_wconf 95' lang='lat'><strong>.</strong></span> <span class='ocrx_word' id='word_1_344' title='bbox 865 4115 870 4128; x_wconf 95' lang='lat'><strong>.</strong></span> <span class='ocrx_word' id='word_1_345' title='bbox 886 4077 1017 4145; x_wconf 68' lang='lat' dir='ltr'><strong>[proxima</strong></span> <span class='ocrx_word' id='word_1_346' title='bbox 1044 4075 1160 4126; x_wconf 83' lang='lat' dir='ltr'><strong>Caesaris</strong></span> <span class='ocrx_word' id='word_1_347' title='bbox 1177 4076 1296 4142; x_wconf 75' lang='lat' dir='ltr'><strong>Augusti</strong></span> <span class='ocrx_word' id='word_1_348' title='bbox 1318 4081 1343 4127; x_wconf 88' lang='lat' dir='ltr'><strong>at</strong></span> <span class='ocrx_word' id='word_1_349' title='bbox 1361 4075 1397 4132; x_wconf 75' lang='lat' dir='ltr'><strong>ri.</strong></span> <span class='ocrx_word' id='word_1_350' title='bbox 1415 4075 1559 4144; x_wconf 80' lang='lat' dir='ltr'><strong>Agriplpaa</strong></span> 
     </span>
     <span class='ocr_line' id='line_1_36' title="bbox 198 4161 1558 4235; baseline -0.005 -15"><span class='ocrx_word' id='word_1_351' title='bbox 198 4167 359 4234; x_wconf 78' lang='lat' dir='ltr'><strong>tribunie(ia)</strong></span> <span class='ocrx_word' id='word_1_352' title='bbox 374 4170 499 4235; x_wconf 84' lang='lat' dir='ltr'><strong>potestate</strong></span> <span class='ocrx_word' id='word_1_353' title='bbox 509 4168 632 4234; x_wconf 63' lang='lat' dir='ltr'><strong>suturam</strong></span> <span class='ocrx_word' id='word_1_354' title='bbox 650 4173 677 4217; x_wconf 90' lang='lat' dir='ltr'><strong>st</strong></span> <span class='ocrx_word' id='word_1_355' title='bbox 693 4179 803 4216; x_wconf 85' lang='lat' dir='ltr'><strong>marmor</strong></span> <span class='ocrx_word' id='word_1_356' title='bbox 820 4165 885 4232; x_wconf 82' lang='lat' dir='ltr'><strong>qaod</strong></span> <span class='ocrx_word' id='word_1_357' title='bbox 904 4163 1064 4214; x_wconf 82' lang='lat' dir='ltr'><strong>axtstbsbet</strong></span> <span class='ocrx_word' id='word_1_358' title='bbox 1083 4161 1147 4230; x_wconf 71' lang='lat' dir='ltr'><strong>len,</strong></span> <span class='ocrx_word' id='word_1_359' title='bbox 1166 4179 1214 4214; x_wconf 90' lang='lat' dir='ltr'><strong>aaa</strong></span> <span class='ocrx_word' id='word_1_360' title='bbox 1229 4171 1293 4216; x_wconf 79' lang='grc' dir='ltr'><strong>ΡΑΕ.</strong></span> <span class='ocrx_word' id='word_1_361' title='bbox 1323 4161 1461 4215; x_wconf 84' lang='lat' dir='ltr'><strong>Praeterea</strong></span> <span class='ocrx_word' id='word_1_362' title='bbox 1473 4178 1558 4213; x_wconf 83' lang='lat' dir='ltr'><strong>anans</strong></span> 
     </span>
     <span class='ocr_line' id='line_1_37' title="bbox 199 4253 572 4321; baseline -0.011 -15"><span class='ocrx_word' id='word_1_363' title='bbox 199 4257 234 4307; x_wconf 83' lang='lat' dir='ltr'><strong>ita</strong></span> <span class='ocrx_word' id='word_1_364' title='bbox 253 4271 303 4306; x_wconf 87' lang='lat' dir='ltr'><strong>aaa</strong></span> <span class='ocrx_word' id='word_1_365' title='bbox 319 4261 405 4321; x_wconf 88' lang='lat' dir='ltr'><strong>potest</strong></span> <span class='ocrx_word' id='word_1_366' title='bbox 422 4253 572 4318; x_wconf 81' lang='lat' dir='ltr'><strong>significari.</strong></span> 
     </span>
    </p>

    <p class='ocr_par' dir='ltr' id='par_1_9' title="bbox 199 4333 1560 4840">
     <span class='ocr_line' id='line_1_38' title="bbox 299 4333 1558 4406; baseline -0.006 -14"><span class='ocrx_word' id='word_1_367' title='bbox 299 4342 320 4405; x_wconf 78' lang='lat'><strong>²)</strong></span> <span class='ocrx_word' id='word_1_368' title='bbox 338 4341 365 4393; x_wconf 85' lang='lat' dir='ltr'><strong>C.</strong></span> <span class='ocrx_word' id='word_1_369' title='bbox 378 4339 398 4392; x_wconf 95' lang='lat' dir='ltr'><strong>l.</strong></span> <span class='ocrx_word' id='word_1_370' title='bbox 415 4339 467 4390; x_wconf 72' lang='lat' dir='ltr'><strong>ut</strong></span> <span class='ocrx_word' id='word_1_371' title='bbox 487 4357 508 4406; x_wconf 91' lang='lat' dir='ltr'><strong>p.</strong></span> <span class='ocrx_word' id='word_1_372' title='bbox 521 4340 581 4392; x_wconf 79' lang='grc'><strong>442.</strong></span> <span class='ocrx_word' id='word_1_373' title='bbox 616 4337 741 4402; x_wconf 82' lang='lat' dir='ltr'><strong>Bergiias</strong></span> <span class='ocrx_word' id='word_1_374' title='bbox 764 4353 787 4404; x_wconf 93' lang='lat' dir='ltr'><strong>p.</strong></span> <span class='ocrx_word' id='word_1_375' title='bbox 801 4337 833 4387; x_wconf 75' lang='lat'><strong>&#39;14</strong></span> <span class='ocrx_word' id='word_1_376' title='bbox 851 4335 960 4387; x_wconf 75' lang='lat' dir='ltr'><strong>afferens</strong></span> <span class='ocrx_word' id='word_1_377' title='bbox 978 4349 1011 4386; x_wconf 86' lang='lat' dir='ltr'><strong>ex</strong></span> <span class='ocrx_word' id='word_1_378' title='bbox 1029 4333 1108 4386; x_wconf 87' lang='lat' dir='ltr'><strong>Zollii</strong></span> <span class='ocrx_word' id='word_1_379' title='bbox 1127 4335 1228 4387; x_wconf 87' lang='lat' dir='ltr'><strong>delecta</strong></span> <span class='ocrx_word' id='word_1_380' title='bbox 1245 4335 1308 4388; x_wconf 75' lang='lat'><strong>397:</strong></span> <span class='ocrx_word' id='word_1_381' title='bbox 1331 4351 1355 4386; x_wconf 77' lang='lat' dir='ltr'><strong>a</strong></span> <span class='ocrx_word' id='word_1_382' title='bbox 1366 4351 1390 4404; x_wconf 89' lang='lat' dir='ltr'><strong>p.</strong></span> <span class='ocrx_word' id='word_1_383' title='bbox 1403 4333 1434 4386; x_wconf 80' lang='lat' dir='ltr'><strong>tt.</strong></span> <span class='ocrx_word' id='word_1_384' title='bbox 1452 4349 1472 4386; x_wconf 86' lang='lat' dir='ltr'><strong>c.</strong></span> <span class='ocrx_word' id='word_1_385' title='bbox 1490 4337 1558 4404; x_wconf 84' lang='lat' dir='ltr'><strong>imp.</strong></span> 
     </span>
     <span class='ocr_line' id='line_1_39' title="bbox 202 4419 1559 4494; baseline -0.005 -15"><span class='ocrx_word' id='word_1_386' title='bbox 202 4428 309 4480; x_wconf 84' lang='lat' dir='ltr'><strong>Caesare</strong></span> <span class='ocrx_word' id='word_1_387' title='bbox 326 4427 380 4479; x_wconf 84' lang='lat' dir='ltr'><strong>diui</strong></span> <span class='ocrx_word' id='word_1_388' title='bbox 395 4426 554 4494; x_wconf 76' lang='lat' dir='ltr'><strong>Vespasiani</strong></span> <span class='ocrx_word' id='word_1_389' title='bbox 567 4425 626 4492; x_wconf 76' lang='lat' dir='ltr'><strong>filio</strong></span> <span class='ocrx_word' id='word_1_390' title='bbox 643 4425 789 4476; x_wconf 75' lang='lat' dir='ltr'><strong>Domatiano</strong></span> <span class='ocrx_word' id='word_1_391' title='bbox 806 4425 876 4490; x_wconf 80' lang='lat' dir='ltr'><strong>Aug.</strong></span> <span class='ocrx_word' id='word_1_392' title='bbox 892 4421 1038 4474; x_wconf 80' lang='lat' dir='ltr'><strong>Germanico</strong></span> <span class='ocrx_word' id='word_1_393' title='bbox 1056 4424 1182 4489; x_wconf 77' lang='lat' dir='ltr'><strong>nwga&#39;stro</strong></span> <span class='ocrx_word' id='word_1_394' title='bbox 1199 4425 1292 4474; x_wconf 67' lang='lat' dir='ltr'><strong>xvsti.</strong></span> <span class='ocrx_word' id='word_1_395' title='bbox 1306 4439 1341 4473; x_wconf 72' lang='lat' dir='ltr'><strong>aas</strong></span> <span class='ocrx_word' id='word_1_396' title='bbox 1352 4439 1375 4472; x_wconf 93' lang='lat' dir='ltr'><strong>s.</strong></span> <span class='ocrx_word' id='word_1_397' title='bbox 1391 4437 1411 4473; x_wconf 89' lang='lat' dir='ltr'><strong>a.</strong></span> <span class='ocrx_word' id='word_1_398' title='bbox 1428 4419 1484 4473; x_wconf 79' lang='lat' dir='ltr'><strong>tuat</strong></span> <span class='ocrx_word' id='word_1_399' title='bbox 1498 4437 1559 4472; x_wconf 84' lang='lat' dir='ltr'><strong>sae·</strong></span> 
     </span>
     <span class='ocr_line' id='line_1_40' title="bbox 199 4506 1560 4582; baseline -0.007 -15"><span class='ocrx_word' id='word_1_400' title='bbox 199 4511 299 4567; x_wconf 76' lang='lat' dir='ltr'><strong>calores</strong></span> <span class='ocrx_word' id='word_1_401' title='bbox 310 4516 391 4582; x_wconf 79' lang='lat' dir='ltr'><strong>sacti,</strong></span> <span class='ocrx_word' id='word_1_402' title='bbox 410 4520 437 4564; x_wconf 91' lang='lat' dir='ltr'><strong>et</strong></span> <span class='ocrx_word' id='word_1_403' title='bbox 454 4513 591 4564; x_wconf 87' lang='lat' dir='ltr'><strong>sdnotsas:</strong></span> <span class='ocrx_word' id='word_1_404' title='bbox 609 4513 708 4578; x_wconf 81' lang='lat' dir='ltr'><strong>‘quibas</strong></span> <span class='ocrx_word' id='word_1_405' title='bbox 726 4511 854 4562; x_wconf 86' lang='lat' dir='ltr'><strong>commode</strong></span> <span class='ocrx_word' id='word_1_406' title='bbox 871 4510 911 4560; x_wconf 89' lang='lat' dir='ltr'><strong>ati</strong></span> <span class='ocrx_word' id='word_1_407' title='bbox 929 4525 1061 4577; x_wconf 86' lang='lat' dir='ltr'><strong>possamus</strong></span> <span class='ocrx_word' id='word_1_408' title='bbox 1079 4509 1111 4559; x_wconf 85' lang='lat' dir='ltr'><strong>sd</strong></span> <span class='ocrx_word' id='word_1_409' title='bbox 1129 4506 1210 4558; x_wconf 78' lang='lat' dir='ltr'><strong>fastos</strong></span> <span class='ocrx_word' id='word_1_410' title='bbox 1223 4508 1380 4576; x_wconf 87' lang='lat' dir='ltr'><strong>Capitolinos</strong></span> <span class='ocrx_word' id='word_1_411' title='bbox 1393 4507 1560 4575; x_wconf 87' lang='lat' dir='ltr'><strong>supplendos,</strong></span> 
     </span>
     <span class='ocr_line' id='line_1_41' title="bbox 200 4591 1560 4667; baseline -0.007 -14"><span class='ocrx_word' id='word_1_412' title='bbox 200 4603 227 4653; x_wconf 89' lang='lat' dir='ltr'><strong>ia</strong></span> <span class='ocrx_word' id='word_1_413' title='bbox 250 4602 339 4667; x_wconf 89' lang='lat' dir='ltr'><strong>quibus</strong></span> <span class='ocrx_word' id='word_1_414' title='bbox 361 4602 391 4652; x_wconf 90' lang='lat' dir='ltr'><strong>de</strong></span> <span class='ocrx_word' id='word_1_415' title='bbox 413 4599 531 4651; x_wconf 87' lang='lat' dir='ltr'><strong>versibus</strong></span> <span class='ocrx_word' id='word_1_416' title='bbox 549 4599 658 4666; x_wconf 83' lang='lat' dir='ltr'><strong>quinquo</strong></span> <span class='ocrx_word' id='word_1_417' title='bbox 675 4604 729 4648; x_wconf 87' lang='lat' dir='ltr'><strong>tres</strong></span> <span class='ocrx_word' id='word_1_418' title='bbox 752 4597 899 4647; x_wconf 87' lang='lat' dir='ltr'><strong>intermedii</strong></span> <span class='ocrx_word' id='word_1_419' title='bbox 916 4597 1028 4648; x_wconf 85' lang='lat' dir='ltr'><strong>radendo</strong></span> <span class='ocrx_word' id='word_1_420' title='bbox 1048 4595 1127 4646; x_wconf 84' lang='lat' dir='ltr'><strong>deleti</strong></span> <span class='ocrx_word' id='word_1_421' title='bbox 1145 4591 1225 4658; x_wconf 88' lang='lat' dir='ltr'><strong>suat&#39;,</strong></span> <span class='ocrx_word' id='word_1_422' title='bbox 1249 4610 1298 4644; x_wconf 89' lang='lat' dir='ltr'><strong>aon</strong></span> <span class='ocrx_word' id='word_1_423' title='bbox 1316 4594 1384 4646; x_wconf 88' lang='lat' dir='ltr'><strong>vidit</strong></span> <span class='ocrx_word' id='word_1_424' title='bbox 1401 4593 1511 4645; x_wconf 88' lang='lat' dir='ltr'><strong>Zelliam</strong></span> <span class='ocrx_word' id='word_1_425' title='bbox 1529 4594 1560 4644; x_wconf 88' lang='lat' dir='ltr'><strong>id</strong></span> 
     </span>
     <span class='ocr_line' id='line_1_42' title="bbox 200 4680 1559 4754; baseline -0.005 -15"><span class='ocrx_word' id='word_1_426' title='bbox 200 4688 371 4754; x_wconf 84' lang='lat' dir='ltr'><strong>sumpsisses</strong></span> <span class='ocrx_word' id='word_1_427' title='bbox 390 4686 576 4750; x_wconf 68' lang='lat' dir='ltr'><strong>steatomata,</strong></span> <span class='ocrx_word' id='word_1_428' title='bbox 594 4684 794 4736; x_wconf 80' lang='lat' dir='ltr'><strong>Flaetwoodium</strong></span> <span class='ocrx_word' id='word_1_429' title='bbox 807 4698 839 4735; x_wconf 86' lang='lat' dir='ltr'><strong>ex</strong></span> <span class='ocrx_word' id='word_1_430' title='bbox 857 4683 922 4749; x_wconf 86' lang='lat' dir='ltr'><strong>ipsis</strong></span> <span class='ocrx_word' id='word_1_431' title='bbox 940 4682 1035 4734; x_wconf 88' lang='lat' dir='ltr'><strong>tabulis</strong></span> <span class='ocrx_word' id='word_1_432' title='bbox 1053 4681 1207 4749; x_wconf 85' lang='lat' dir='ltr'><strong>Capitolinis</strong></span> <span class='ocrx_word' id='word_1_433' title='bbox 1230 4681 1354 4749; x_wconf 84' lang='lat' dir='ltr'><strong>suppletis</strong></span> <span class='ocrx_word' id='word_1_434' title='bbox 1373 4680 1476 4732; x_wconf 81' lang='lat' dir='ltr'><strong>seilicet</strong></span> <span class='ocrx_word' id='word_1_435' title='bbox 1493 4695 1559 4732; x_wconf 86' lang='lat' dir='ltr'><strong>cou-</strong></span> 
     </span>
     <span class='ocr_line' id='line_1_43' title="bbox 200 4768 1151 4840; baseline -0.005 -15"><span class='ocrx_word' id='word_1_436' title='bbox 200 4776 314 4838; x_wconf 84' lang='lat' dir='ltr'><strong>iectars3</strong></span> <span class='ocrx_word' id='word_1_437' title='bbox 332 4775 398 4840; x_wconf 83' lang='lat' dir='ltr'><strong>qaod</strong></span> <span class='ocrx_word' id='word_1_438' title='bbox 415 4787 512 4839; x_wconf 88' lang='lat' dir='ltr'><strong>moneo,</strong></span> <span class='ocrx_word' id='word_1_439' title='bbox 529 4772 608 4839; x_wconf 85' lang='lat' dir='ltr'><strong>periti</strong></span> <span class='ocrx_word' id='word_1_440' title='bbox 625 4778 655 4822; x_wconf 91' lang='lat' dir='ltr'><strong>ut</strong></span> <span class='ocrx_word' id='word_1_441' title='bbox 670 4771 782 4838; x_wconf 80' lang='lat' dir='ltr'><strong>rideant,</strong></span> <span class='ocrx_word' id='word_1_442' title='bbox 799 4769 914 4837; x_wconf 90' lang='lat' dir='ltr'><strong>imperiti</strong></span> <span class='ocrx_word' id='word_1_443' title='bbox 933 4785 964 4821; x_wconf 86' lang='lat' dir='ltr'><strong>aa</strong></span> <span class='ocrx_word' id='word_1_444' title='bbox 982 4768 1151 4837; x_wconf 82' lang='lat' dir='ltr'><strong>decipiantur.</strong></span> 
     </span>
    </p>
   </div>
   <div class='ocr_carea' id='block_1_6' title="bbox 0 0 1775 5417">
    <p class='ocr_par' dir='ltr' id='par_1_10' title="bbox 0 0 1775 5417">
     <span class='ocr_line' id='line_1_44' title="bbox 0 0 1775 5417; baseline 0 0"><span class='ocrx_word' id='word_1_445' title='bbox 0 0 1775 5417; x_wconf 95' lang='lat' dir='ltr'><strong> </strong></span> 
     </span>
    </p>
   </div>
  </div>
 </body>
</html>
