3525 5417
160 1386 251 1493 (lum
278 1430 308 1492 in
339 1428 565 1511 inscriptionum
593 1428 765 1491 Latinarum
793 1428 902 1510 sylloge
929 1429 1013 1492 iussu
1044 1429 1208 1492 academiae
1239 1430 1436 1493 Berolinensis
1461 1450 1514 1511 pa-

158 1534 251 1597 randa
273 1533 309 1595 ad
324 1532 518 1596 Asiaticorum
533 1532 750 1615 provinciarum
765 1532 973 1615 inscriptiones
988 1532 1105 1596 Latinas
1121 1535 1315 1597 recensendas
1331 1535 1514 1597 devenissem

158 1637 348 1718 iudicemque
369 1656 469 1699 rerum
492 1638 529 1698 ab
550 1636 683 1715 Augusto
705 1646 854 1717 gestarum
876 1656 943 1700 mea
964 1656 1052 1719 opera
1073 1638 1291 1700 retractandum
1314 1657 1378 1701 esse
1399 1638 1516 1700 intebe-

158 1740 279 1821 xissem,
301 1741 404 1804 adlatis
425 1760 461 1802 eo
483 1740 548 1821 ipso
569 1749 703 1822 tempore
724 1740 865 1803 beneficio
887 1740 1003 1803 Perroti
1024 1740 1163 1803 subsidiis
1178 1743 1262 1804 novis
1276 1741 1370 1822 iisque
1386 1741 1515 1823 optimis,

158 1846 313 1908 emendhta
335 1852 418 1927 parte
439 1845 551 1919 Latina,
575 1844 682 1907 Graeca
704 1864 774 1906 vero
800 1844 890 1906 etiarn
917 1844 1040 1925 expleta,
1067 1843 1114 1906 his
1141 1844 1181 1907 ita
1208 1846 1252 1907 uti
1278 1845 1375 1908 visum
1401 1854 1455 1921 est,
1483 1854 1517 1908 ut

157 1948 265 2010 indicis
287 1949 350 2011 cius
371 1947 459 2011 editio
482 1947 694 2011 commentario
715 1948 860 2010 instructa
882 1948 1039 2028 separatim
1053 1948 1193 2029 prodiret
1215 1948 1271 2030 ipsi
1286 1949 1401 2031 corpori
1418 1959 1516 2012 textus

158 2054 367 2115 tantummodo
390 2070 458 2115 cum
488 2050 675 2114 adnotatione
707 2046 808 2115 c'ritica
828 2052 1026 2143 insereretur.
1067 2052 1141 2113 Nam
1174 2071 1243 2114 cum
1275 2053 1374 2134 ipsum
1409 2073 1516 2116 monu-

157 2165 295 2219 mentum
317 2156 357 2218 ita
379 2164 582 2236 comparatum
605 2156 653 2230 sit,
678 2163 711 2217 ut
732 2162 811 2217 recte
834 2156 969 2235 etplene
991 2156 1040 2217 vix
1061 2156 1191 2218 adhiberi
1210 2176 1298 2237 posse
1311 2157 1445 2220 rideatur
1459 2158 1517 2220 nisi

157 2263 339 2325 illustratum
366 2259 577 2322 commentario
603 2268 759 2341 perpetuo,
786 2258 849 2321 eius
879 2259 993 2339 generis
1020 2260 1169 2322 adnotatio
1195 2262 1326 2342 corporis
1353 2262 1516 2325 rationibus

158 2384 265 2449 parum
293 2373 360 2445 apta
387 2362 450 2426 risa
476 2373 531 2426 est.
580 2362 733 2425 Praeterea
760 2372 830 2425 sunt
855 2364 905 2443 qui
934 2362 1080 2425 eiusmodi
1106 2375 1334 2428 monumentum
1364 2367 1401 2428 ad
1427 2364 1517 2427 libelli

155 2474 284 2535 formam
308 2487 400 2550 prope
422 2469 563 2531 accedens
585 2476 615 2529 et
636 2474 697 2529 tam
719 2466 866 2549 philologo
881 2486 971 2547 quam
985 2467 1125 2534 historico
1140 2467 1332 2531 utilissimum
1347 2486 1521 2550 comparare·

156 2574 217 2637 sibi
239 2574 344 2649 velint,
367 2592 436 2636 cum
457 2580 606 2653 praeterea
627 2590 688 2633 non
710 2570 861 2651 inquirant
890 2572 956 2634 data
983 2590 1071 2652 opera
1098 2571 1130 2633 in
1159 2572 1367 2653 inscriptiones
1389 2573 1517 2636 Latinas.

155 2679 283 2760 Propter
312 2679 365 2741 has
386 2676 622 2740 ratiocinationes
644 2674 770 2737 indicem
792 2676 918 2755 Augusti
940 2694 1074 2738 seorsum
1096 2675 1174 2737 edidi
1195 2696 1221 2738 a.
1239 2676 1320 2738 1865
1343 2696 1410 2739 oum
1433 2696 1517 2740 com-

157 2782 313 2857 mentario,
344 2780 407 2843 sine
436 2800 471 2842 eo
498 2779 580 2842 brevi
605 2778 792 2842 adnotatione
818 2780 930 2842 adiecta
957 2780 1079 2860 repetivi
1100 2779 1131 2841 in
1154 2780 1302 2842 volumine
1324 2799 1357 2841 ιιι
1379 2780 1516 2861 Corporis

155 2885 382 2967 inscriptionem
405 2883 575 2947 Latinarum
598 2883 677 2945 edito
699 2902 724 2945 a.
743 2882 825 2945 1873
842 2903 871 2965 p.
889 2884 1056 2946 tce-799
1071 2882 1122 2963 (cf.
1138 2903 1166 2964 p.
1185 2882 1290 2962 1064).
1326 2883 1412 2946 Nunc
1432 2892 1517 2965 post-

157 3008 248 3070 quam
271 2998 375 3052 nactus
397 3006 464 3051 sum
487 2998 624 3069 ectypum
647 3006 822 3067 gppsaceum
845 2988 965 3067 plenum
988 2996 1019 3049 et
1039 2990 1203 3068 perlectum
1225 2988 1266 3062 id,
1288 2986 1325 3049 de
1346 3007 1405 3067 quo
1427 3006 1517 3069 supra

48 3128 52 3136 =
158 3109 285 3173 pxxun
297 3092 365 3167 dixi,
382 3091 586 3154 commentarii
597 3090 686 3153 altera
698 3090 786 3152 editio
798 3091 897 3171 prodit
907 3100 937 3152 et
947 3090 1122 3153 certioribus
1133 3090 1333 3153 fundamentis
1344 3099 1476 3152 extructa
1488 3101 1518 3152 et

157 3196 243 3259 noris
256 3196 334 3258 curis
345 3196 429 3271 meis,
442 3195 493 3258 ubi
504 3214 552 3257 res
564 3195 739 3276 requirebat,
752 3196 906 3257 emendata
916 3204 946 3257 et
957 3188 1109 3276 perpolita.
1133 3194 1266 3257 Similem
1278 3194 1437 3258 editionem
1449 3203 1517 3256 ante

159 3300 240 3363 illam
263 3318 359 3363 meam
382 3308 524 3363 curarunt
546 3300 605 3361 duo
627 3298 681 3360 viri
703 3298 781 3360 docti
803 3298 948 3361 lohannes
969 3298 1109 3361 Francius
1131 3308 1161 3361 et
1182 3300 1255 3379 hug.
1279 3298 1344 3359 Gul.
1361 3296 1517 3377 Zumptius

161 3402 308 3478 (Caesaris
334 3404 453 3485 lupera·
484 3402 573 3465 todem
598 3421 698 3465 rmum
725 3421 744 3466 o
769 3422 798 3465 se
824 3414 968 3483 gestarum
995 3405 1052 3464 sice
1078 3415 1293 3465 monumentum
1322 3402 1516 3481 Aacyromen.

160 3506 289 3569 Berolini
314 3507 405 3570 1845.
429 3509 458 3568 4.
481 3526 529 3589 pp.
555 3506 638 3586 120),
662 3507 735 3568 moti
751 3507 876 3568 Graecae
899 3506 1041 3568 versionis
1063 3515 1145 3587 parte
1160 3506 1257 3588 paullo
1271 3513 1339 3567 ante
1353 3503 1389 3566 ab
1405 3504 1518 3566 llamil-

160 3618 231 3673 tono
253 3619 377 3690 reperta,
399 3610 568 3691 postillam
590 3609 762 3672 Theodorus
784 3610 879 3691 hergli
895 3610 1027 3691 (Augusti
1045 3629 1145 3673 reum
1166 3630 1185 3670 a
1206 3628 1235 3672 se
1258 3621 1404 3691 pectenem
1428 3608 1520 3671 indes

160 3734 225 3777 cum
249 3712 359 3777 Graece
383 3716 565 3795 metaphrasi.
608 3713 763 3794 Gottingae
787 3712 878 3775 1873.
912 3713 1003 3795 Spp.
1021 3714 1104 3794 136).
1142 3713 1258 3794 Berghii
1280 3714 1353 3775 beor
1367 3723 1397 3774 et
1411 3711 1519 3775 invidia
1575 3786 1580 3797 ι

159 3836 228 3881 cum
251 3818 316 3899 ipso
339 3819 453 3899 sepulta
467 3829 569 3893 sunt03
591 3836 666 3898 quae
688 3816 860 3901 excogitavit
873 3817 1009 3898 religiose
1024 3817 1108 3880 attuli
1123 3816 1211 3879 etiam
1226 3816 1354 3890 leviora3
1376 3815 1518 3878 iudicium

159 3923 197 3984 de
218 3921 423 3984 commentarii
446 3921 558 3984 meritis
580 3924 676 3983 ferent
698 3921 755 3982 alii.
789 3919 943 3984 Praeterea
965 3921 1086 4001 adhibui
1107 3919 1371 3983 commentationes
1393 3939 1447 4002 per
1465 3921 1520 3982 hos

160 4044 254 4087 annos
278 4025 313 4087 de
336 4026 393 4087 hoc
427 4033 621 4088 monumento
642 4024 734 4087 editas
763 4024 918 4088 Caelestini
946 4024 1091 4087 Caredoni
1113 4024 1148 4104 (u
1168 4034 1350 4087 monumento
1372 4025 1519 4087 Aucireoo

159 4130 192 4191 di
213 4128 316 4192 Cerere
338 4131 463 4210 Augusto
491 4128 635 4193 illustrato
662 4128 707 4191 co'
733 4133 868 4191 merceri
896 4130 968 4192 delle
989 4150 1039 4192 sue
1059 4128 1196 4209 medeglie
1217 4128 1248 4189 in
1271 4129 1337 4209 eph.
1361 4127 1520 4192 Mutinensi

160 4232 288 4313 opuscob'
311 4233 451 4314 religiosi,
480 4233 615 4311 letterorj
642 4254 657 4296 e
684 4233 793 4296 morali
820 4251 877 4295 ser.
901 4233 920 4293 2
942 4232 998 4296 vol.
1022 4234 1041 4296 6
1065 4253 1129 4317 pag.
1152 4231 1352 4308 311-354);
1374 4230 1521 4294 Theodori

160 4335 277 4437 qubii
306 4347 373 4399 ante
401 4336 560 4399 editionem
590 4355 678 4419 supra
706 4336 823 4399 citatam
853 4355 922 4398 cum
944 4336 1041 4399 indice
1064 4338 1228 4399 scholarum
1252 4336 1429 4397 aestivarum
1453 4336 1521 4398 uni-

159 4439 307 4503 versitatis
329 4441 463 4503 Halensis
490 4460 516 4503 a.
542 4440 624 4503 1869
651 4440 789 4503 emissam
819 4441 861 4518 (4.
884 4459 934 4522 pp.
956 4440 1058 4518 lllll);
1079 4441 1112 4502 h.
1128 4440 1173 4501 W.
1190 4439 1319 4520 Zumptii
1341 4440 1392 4520 (de
1413 4458 1521 4501 monu-

160 4552 262 4605 mento
284 4543 437 4626 Ancyrano
470 4544 634 4627 supplendo
667 4545 886 4607 commentatio.
909 4545 1037 4607 Berolini
1062 4543 1151 4607 1869.
1175 4545 1205 4605 4.
1227 4562 1277 4624 pp.
1300 4542 1369 4623 24);
1402 4542 1521 4604 Ottonis

160 4646 326 4710 Hirschfeld
360 4648 403 4729 (in
437 4648 504 4729 eph.
539 4648 659 4711 Hartelii
692 4658 723 4712 et
745 4649 894 4711 Schenklii
931 4649 1043 4712 Wiener
1062 4648 1182 4711 Studien
1215 4647 1272 4708 vol.
1295 4646 1314 4709 3
1337 4666 1363 4709 a.
1387 4644 1467 4709 1881
1492 4666 1520 4727 p.

160 4751 354 4829 sss-ecc).

1321 4848 1364 4905 0.
1455 4871 1458 4877 .
